time,type,price,size
2024-11-24 23:00:00.029679,TRADE,6006.0,628
2024-11-24 23:00:00.049092,TRADE,6006.25,5
2024-11-24 23:00:00.049111,TRADE,6006.5,3
2024-11-24 23:00:00.056166,TRADE,6006.5,29
2024-11-24 23:00:00.059593,TRADE,6006.75,6
2024-11-24 23:00:00.059593,TRADE,6007.0,9
2024-11-24 23:00:00.059648,TRADE,6007.0,1
2024-11-24 23:00:00.059681,TRADE,6007.0,4
2024-11-24 23:00:00.062702,TRADE,6006.25,1
2024-11-24 23:00:00.064417,TRADE,6006.75,1
2024-11-24 23:00:00.064417,TRADE,6007.0,2
2024-11-24 23:00:00.064417,TRADE,6007.25,5
2024-11-24 23:00:00.064778,TRADE,6006.0,2
2024-11-24 23:00:00.065975,TRADE,6006.25,1
2024-11-24 23:00:00.065975,TRADE,6006.0,1
2024-11-24 23:00:00.068923,TRADE,6007.25,2
2024-11-24 23:00:00.068923,TRADE,6007.5,23
2024-11-24 23:00:00.069869,TRADE,6006.25,1
2024-11-24 23:00:00.069869,TRADE,6007.5,1
2024-11-24 23:00:00.071034,TRADE,6007.0,1
2024-11-24 23:00:00.071671,TRADE,6007.5,2
2024-11-24 23:00:00.072204,TRADE,6007.5,5
2024-11-24 23:00:00.075797,TRADE,6007.5,2
2024-11-24 23:00:00.076615,TRADE,6007.25,4
2024-11-24 23:00:00.079092,TRADE,6007.0,1
2024-11-24 23:00:00.082529,TRADE,6007.0,1
2024-11-24 23:00:00.083945,TRADE,6007.5,1
2024-11-24 23:00:00.088349,TRADE,6007.0,3
2024-11-24 23:00:00.089625,TRADE,6006.75,6
2024-11-24 23:00:00.092381,TRADE,6006.5,4
2024-11-24 23:00:00.093835,TRADE,6006.25,1
2024-11-24 23:00:00.094473,TRADE,6006.25,2
2024-11-24 23:00:00.119753,TRADE,6006.0,1
2024-11-24 23:00:00.120763,TRADE,6006.25,6
2024-11-24 23:00:00.121346,TRADE,6006.25,4
2024-11-24 23:00:00.122128,TRADE,6006.25,5
2024-11-24 23:00:00.125460,TRADE,6006.75,1
2024-11-24 23:00:00.130901,TRADE,6006.25,2
2024-11-24 23:00:00.130901,TRADE,6006.0,1
2024-11-24 23:00:00.131343,TRADE,6006.0,3
2024-11-24 23:00:00.131883,TRADE,6006.0,3
2024-11-24 23:00:00.132441,TRADE,6006.0,3
2024-11-24 23:00:00.144431,TRADE,6006.25,1
2024-11-24 23:00:00.148842,TRADE,6006.75,1
2024-11-24 23:00:00.148842,TRADE,6007.0,1
2024-11-24 23:00:00.148842,TRADE,6007.25,3
2024-11-24 23:00:00.151307,TRADE,6007.25,1
2024-11-24 23:00:00.152018,TRADE,6007.25,1
2024-11-24 23:00:00.159099,TRADE,6007.5,2
2024-11-24 23:00:00.162804,TRADE,6006.25,1
2024-11-24 23:00:00.167280,TRADE,6007.25,1
2024-11-24 23:00:00.184999,TRADE,6007.25,1
2024-11-24 23:00:00.184999,TRADE,6007.5,14
2024-11-24 23:00:00.185490,TRADE,6007.5,1
2024-11-24 23:00:00.186443,TRADE,6007.5,20
2024-11-24 23:00:00.188337,TRADE,6006.75,1
2024-11-24 23:00:00.200356,TRADE,6007.5,1
2024-11-24 23:00:00.218445,TRADE,6006.5,1
2024-11-24 23:00:00.238226,TRADE,6007.5,6
2024-11-24 23:00:00.282316,TRADE,6006.5,1
2024-11-24 23:00:00.289480,TRADE,6007.0,1
2024-11-24 23:00:00.333668,TRADE,6007.0,6
2024-11-24 23:00:00.333668,TRADE,6007.25,1
2024-11-24 23:00:00.333668,TRADE,6007.5,43
2024-11-24 23:00:00.335048,TRADE,6007.5,50
2024-11-24 23:00:00.336094,TRADE,6007.5,20
2024-11-24 23:00:00.375063,TRADE,6006.75,1
2024-11-24 23:00:00.376149,TRADE,6006.75,2
2024-11-24 23:00:00.376549,TRADE,6007.25,1
2024-11-24 23:00:00.377650,TRADE,6007.25,2
2024-11-24 23:00:00.394084,TRADE,6006.5,1
2024-11-24 23:00:00.410752,TRADE,6006.75,1
2024-11-24 23:00:00.429791,TRADE,6007.5,1
2024-11-24 23:00:00.437956,TRADE,6007.5,1
2024-11-24 23:00:00.444131,TRADE,6007.0,1
2024-11-24 23:00:00.463547,TRADE,6007.5,1
2024-11-24 23:00:00.482452,TRADE,6007.5,1
2024-11-24 23:00:00.519605,TRADE,6007.5,1
2024-11-24 23:00:00.535443,TRADE,6007.5,1
2024-11-24 23:00:00.612529,TRADE,6007.5,1
2024-11-24 23:00:00.651954,TRADE,6007.5,24
2024-11-24 23:00:00.659102,TRADE,6007.0,7
2024-11-24 23:00:00.665447,TRADE,6007.0,4
2024-11-24 23:00:00.665447,TRADE,6006.75,4
2024-11-24 23:00:00.665447,TRADE,6006.5,6
2024-11-24 23:00:00.665447,TRADE,6006.25,3
2024-11-24 23:00:00.665447,TRADE,6006.0,31
2024-11-24 23:00:00.665447,TRADE,6005.75,12
2024-11-24 23:00:00.678553,TRADE,6006.5,1
2024-11-24 23:00:00.679615,TRADE,6006.0,1
2024-11-24 23:00:00.727736,TRADE,6006.75,1
2024-11-24 23:00:00.742048,TRADE,6007.0,4
2024-11-24 23:00:00.994524,TRADE,6006.0,4
2024-11-24 23:00:00.994524,TRADE,6005.75,8
2024-11-24 23:00:00.994540,TRADE,6005.75,1
2024-11-24 23:00:00.995926,TRADE,6006.5,2
2024-11-24 23:00:00.995926,TRADE,6006.75,2
2024-11-24 23:00:01.001864,TRADE,6006.0,4
2024-11-24 23:00:01.003062,TRADE,6006.0,2
2024-11-24 23:00:01.004044,TRADE,6006.0,1
2024-11-24 23:00:01.006532,TRADE,6006.25,1
2024-11-24 23:00:01.021942,TRADE,6006.5,1
2024-11-24 23:00:01.023061,TRADE,6006.5,2
2024-11-24 23:00:01.023512,TRADE,6006.75,4
2024-11-24 23:00:01.029747,TRADE,6006.5,3
2024-11-24 23:00:01.037203,TRADE,6006.5,1
2024-11-24 23:00:01.037203,TRADE,6006.25,4
2024-11-24 23:00:01.037203,TRADE,6006.0,1
2024-11-24 23:00:01.215713,TRADE,6007.0,3
2024-11-24 23:00:01.215713,TRADE,6007.25,2
2024-11-24 23:00:01.341919,TRADE,6006.0,3
2024-11-24 23:00:01.349232,TRADE,6006.0,2
2024-11-24 23:00:01.349593,TRADE,6006.25,5
2024-11-24 23:00:01.350259,TRADE,6006.25,1
2024-11-24 23:00:01.351872,TRADE,6006.25,4
2024-11-24 23:00:01.426060,TRADE,6006.25,1
2024-11-24 23:00:01.470010,TRADE,6006.25,1
2024-11-24 23:00:01.481842,TRADE,6005.75,1
2024-11-24 23:00:01.532784,TRADE,6006.0,1
2024-11-24 23:00:01.647388,TRADE,6006.0,1
2024-11-24 23:00:01.649431,TRADE,6005.75,8
2024-11-24 23:00:01.700359,TRADE,6006.0,8
2024-11-24 23:00:01.700359,TRADE,6006.25,6
2024-11-24 23:00:01.701176,TRADE,6006.5,1
2024-11-24 23:00:01.703663,TRADE,6006.25,15
2024-11-24 23:00:01.704717,TRADE,6006.5,1
2024-11-24 23:00:01.705476,TRADE,6006.25,2
2024-11-24 23:00:01.731409,TRADE,6006.5,2
2024-11-24 23:00:01.738830,TRADE,6006.5,1
2024-11-24 23:00:01.756131,TRADE,6006.0,2
2024-11-24 23:00:01.821574,TRADE,6006.0,1
2024-11-24 23:00:01.821574,TRADE,6005.75,2
2024-11-24 23:00:01.822173,TRADE,6005.75,2
2024-11-24 23:00:01.823693,TRADE,6005.75,1
2024-11-24 23:00:01.858767,TRADE,6006.5,1
2024-11-24 23:00:01.890673,TRADE,6006.5,1
2024-11-24 23:00:01.972314,TRADE,6006.0,1
2024-11-24 23:00:01.974100,TRADE,6006.0,1
2024-11-24 23:00:01.994780,TRADE,6006.0,8
2024-11-24 23:00:01.994780,TRADE,6006.5,11
2024-11-24 23:00:01.995562,TRADE,6006.25,1
2024-11-24 23:00:02.056581,TRADE,6006.0,3
2024-11-24 23:00:02.056581,TRADE,6005.75,2
2024-11-24 23:00:02.070701,TRADE,6005.75,23
2024-11-24 23:00:02.070701,TRADE,6005.5,7
2024-11-24 23:00:02.072407,TRADE,6005.75,1
2024-11-24 23:00:02.163358,TRADE,6005.75,2
2024-11-24 23:00:02.173625,TRADE,6005.75,4
2024-11-24 23:00:02.415830,TRADE,6005.75,5
2024-11-24 23:00:02.416526,TRADE,6005.75,1
2024-11-24 23:00:02.545080,TRADE,6006.0,6
2024-11-24 23:00:02.583080,TRADE,6005.75,1
2024-11-24 23:00:03.012664,TRADE,6006.0,1
2024-11-24 23:00:03.015906,TRADE,6006.0,1
2024-11-24 23:00:03.054186,TRADE,6006.0,2
2024-11-24 23:00:03.054186,TRADE,6005.75,3
2024-11-24 23:00:03.055122,TRADE,6006.0,1
2024-11-24 23:00:03.057094,TRADE,6006.0,1
2024-11-24 23:00:03.134100,TRADE,6006.5,1
2024-11-24 23:00:03.265837,TRADE,6006.0,2
2024-11-24 23:00:03.310708,TRADE,6006.0,1
2024-11-24 23:00:03.532634,TRADE,6006.0,1
2024-11-24 23:00:03.555019,TRADE,6006.5,2
2024-11-24 23:00:03.555019,TRADE,6006.75,15
2024-11-24 23:00:03.555019,TRADE,6007.0,5
2024-11-24 23:00:03.555019,TRADE,6007.25,6
2024-11-24 23:00:03.555019,TRADE,6007.5,2
2024-11-24 23:00:03.556054,TRADE,6006.5,1
2024-11-24 23:00:03.567008,TRADE,6006.5,1
2024-11-24 23:00:03.567622,TRADE,6006.5,2
2024-11-24 23:00:03.862168,TRADE,6006.5,1
2024-11-24 23:00:03.862741,TRADE,6006.5,2
2024-11-24 23:00:04.091197,TRADE,6006.5,4
2024-11-24 23:00:04.431399,TRADE,6007.0,1
2024-11-24 23:00:04.833832,TRADE,6007.0,2
2024-11-24 23:00:05.018753,TRADE,6006.75,2
2024-11-24 23:00:05.018753,TRADE,6006.5,2
2024-11-24 23:00:05.019557,TRADE,6006.75,1
2024-11-24 23:00:05.243538,TRADE,6006.75,7
2024-11-24 23:00:05.558281,TRADE,6006.75,1
2024-11-24 23:00:05.664771,TRADE,6006.75,1
2024-11-24 23:00:05.862118,TRADE,6006.75,1
2024-11-24 23:00:06.037742,TRADE,6006.75,3
2024-11-24 23:00:06.038574,TRADE,6006.75,1
2024-11-24 23:00:06.055241,TRADE,6006.5,1
2024-11-24 23:00:06.114953,TRADE,6006.5,1
2024-11-24 23:00:06.119135,TRADE,6006.75,1
2024-11-24 23:00:06.152845,TRADE,6006.75,1
2024-11-24 23:00:06.155522,TRADE,6006.75,21
2024-11-24 23:00:06.155522,TRADE,6007.0,5
2024-11-24 23:00:06.155522,TRADE,6007.25,8
2024-11-24 23:00:06.155522,TRADE,6007.5,53
2024-11-24 23:00:06.156566,TRADE,6007.5,1
2024-11-24 23:00:06.156644,TRADE,6007.5,1
2024-11-24 23:00:06.157003,TRADE,6007.5,11
2024-11-24 23:00:06.157498,TRADE,6007.5,1
2024-11-24 23:00:06.158057,TRADE,6007.5,1
2024-11-24 23:00:06.158412,TRADE,6007.5,5
2024-11-24 23:00:06.160422,TRADE,6007.75,6
2024-11-24 23:00:06.160436,TRADE,6007.75,1
2024-11-24 23:00:06.160436,TRADE,6007.75,4
2024-11-24 23:00:06.160436,TRADE,6007.75,10
2024-11-24 23:00:06.160445,TRADE,6007.75,10
2024-11-24 23:00:06.161573,TRADE,6007.0,1
2024-11-24 23:00:06.162009,TRADE,6007.0,1
2024-11-24 23:00:06.162468,TRADE,6007.25,1
2024-11-24 23:00:06.233822,TRADE,6007.0,1
2024-11-24 23:00:06.277554,TRADE,6007.0,1
2024-11-24 23:00:06.306991,TRADE,6007.0,1
2024-11-24 23:00:06.307683,TRADE,6007.0,7
2024-11-24 23:00:06.421888,TRADE,6007.0,2
2024-11-24 23:00:06.421888,TRADE,6007.25,4
2024-11-24 23:00:06.421888,TRADE,6007.5,11
2024-11-24 23:00:06.421888,TRADE,6007.75,8
2024-11-24 23:00:06.422662,TRADE,6007.0,1
2024-11-24 23:00:06.423428,TRADE,6007.0,1
2024-11-24 23:00:06.439173,TRADE,6007.25,3
2024-11-24 23:00:06.467285,TRADE,6007.0,1
2024-11-24 23:00:06.632372,TRADE,6007.0,3
2024-11-24 23:00:06.738781,TRADE,6007.0,3
2024-11-24 23:00:06.738781,TRADE,6006.75,7
2024-11-24 23:00:06.797012,TRADE,6007.25,3
2024-11-24 23:00:06.862080,TRADE,6007.25,1
2024-11-24 23:00:07.048988,TRADE,6007.0,1
2024-11-24 23:00:07.049767,TRADE,6007.25,1
2024-11-24 23:00:07.062907,TRADE,6007.25,1
2024-11-24 23:00:07.063489,TRADE,6007.25,2
2024-11-24 23:00:07.064556,TRADE,6007.5,2
2024-11-24 23:00:07.080940,TRADE,6007.75,1
2024-11-24 23:00:07.183416,TRADE,6007.5,2
2024-11-24 23:00:07.245711,TRADE,6007.25,2
2024-11-24 23:00:07.246476,TRADE,6007.25,1
2024-11-24 23:00:07.291397,TRADE,6007.25,6
2024-11-24 23:00:07.291742,TRADE,6007.5,6
2024-11-24 23:00:07.292004,TRADE,6007.25,1
2024-11-24 23:00:07.292449,TRADE,6007.25,1
2024-11-24 23:00:07.305310,TRADE,6007.25,1
2024-11-24 23:00:07.317314,TRADE,6007.25,1
2024-11-24 23:00:07.357750,TRADE,6007.25,1
2024-11-24 23:00:07.481872,TRADE,6007.25,25
2024-11-24 23:00:07.658024,TRADE,6007.25,1
2024-11-24 23:00:07.768202,TRADE,6007.5,1
2024-11-24 23:00:08.007614,TRADE,6007.25,6
2024-11-24 23:00:08.068587,TRADE,6007.5,9
2024-11-24 23:00:08.284175,TRADE,6007.25,2
2024-11-24 23:00:08.284412,TRADE,6007.25,1
2024-11-24 23:00:08.284712,TRADE,6007.25,2
2024-11-24 23:00:08.698373,TRADE,6007.25,1
2024-11-24 23:00:08.863674,TRADE,6007.25,4
2024-11-24 23:00:09.069045,TRADE,6007.25,7
2024-11-24 23:00:09.419001,TRADE,6007.0,3
2024-11-24 23:00:09.677857,TRADE,6007.0,2
2024-11-24 23:00:09.900842,TRADE,6007.0,1
2024-11-24 23:00:10.065225,TRADE,6007.25,2
2024-11-24 23:00:10.066409,TRADE,6007.0,1
2024-11-24 23:00:10.068696,TRADE,6007.25,4
2024-11-24 23:00:10.069385,TRADE,6007.25,1
2024-11-24 23:00:10.069838,TRADE,6007.25,2
2024-11-24 23:00:10.075787,TRADE,6007.0,1
2024-11-24 23:00:10.090646,TRADE,6007.0,3
2024-11-24 23:00:10.258772,TRADE,6007.25,1
2024-11-24 23:00:10.258772,TRADE,6007.5,9
2024-11-24 23:00:10.258772,TRADE,6007.75,15
2024-11-24 23:00:10.259414,TRADE,6007.25,1
2024-11-24 23:00:10.259994,TRADE,6007.25,1
2024-11-24 23:00:10.477945,TRADE,6007.0,1
2024-11-24 23:00:10.527940,TRADE,6007.0,2
2024-11-24 23:00:10.535300,TRADE,6007.25,1
2024-11-24 23:00:10.535912,TRADE,6007.25,1
2024-11-24 23:00:10.575458,TRADE,6007.0,1
2024-11-24 23:00:10.575458,TRADE,6006.75,2
2024-11-24 23:00:10.593385,TRADE,6007.0,1
2024-11-24 23:00:10.841247,TRADE,6006.75,3
2024-11-24 23:00:10.862138,TRADE,6007.0,1
2024-11-24 23:00:10.913191,TRADE,6007.0,1
2024-11-24 23:00:10.932895,TRADE,6006.75,1
2024-11-24 23:00:11.002928,TRADE,6007.25,1
2024-11-24 23:00:11.074805,TRADE,6007.25,4
2024-11-24 23:00:11.310708,TRADE,6007.25,3
2024-11-24 23:00:11.310708,TRADE,6007.5,3
2024-11-24 23:00:11.311190,TRADE,6007.5,1
2024-11-24 23:00:11.311869,TRADE,6007.5,3
2024-11-24 23:00:11.341014,TRADE,6007.25,1
2024-11-24 23:00:11.386575,TRADE,6007.25,1
2024-11-24 23:00:11.386987,TRADE,6007.25,1
2024-11-24 23:00:11.425973,TRADE,6007.5,2
2024-11-24 23:00:11.616772,TRADE,6007.75,3
2024-11-24 23:00:11.697647,TRADE,6007.75,24
2024-11-24 23:00:11.718268,TRADE,6007.25,1
2024-11-24 23:00:11.782375,TRADE,6007.5,2
2024-11-24 23:00:11.875826,TRADE,6007.5,2
2024-11-24 23:00:11.876490,TRADE,6007.5,1
2024-11-24 23:00:11.908290,TRADE,6007.25,3
2024-11-24 23:00:11.908846,TRADE,6007.5,1
2024-11-24 23:00:12.069604,TRADE,6007.5,1
2024-11-24 23:00:12.083911,TRADE,6007.5,2
2024-11-24 23:00:12.086734,TRADE,6007.75,5
2024-11-24 23:00:12.175672,TRADE,6007.5,1
2024-11-24 23:00:12.345700,TRADE,6007.25,1
2024-11-24 23:00:12.437085,TRADE,6007.75,1
2024-11-24 23:00:12.446438,TRADE,6007.5,1
2024-11-24 23:00:13.088199,TRADE,6007.5,1
2024-11-24 23:00:13.365352,TRADE,6007.5,1
2024-11-24 23:00:13.592305,TRADE,6007.25,1
2024-11-24 23:00:13.619345,TRADE,6007.5,1
2024-11-24 23:00:13.685124,TRADE,6007.5,1
2024-11-24 23:00:13.685842,TRADE,6007.5,1
2024-11-24 23:00:13.887456,TRADE,6007.5,2
2024-11-24 23:00:13.987763,TRADE,6007.25,2
2024-11-24 23:00:13.987763,TRADE,6007.0,8
2024-11-24 23:00:14.087271,TRADE,6007.5,3
2024-11-24 23:00:14.188896,TRADE,6007.0,1
2024-11-24 23:00:14.294463,TRADE,6007.5,2
2024-11-24 23:00:14.444343,TRADE,6007.75,1
2024-11-24 23:00:14.576671,TRADE,6007.25,2
2024-11-24 23:00:14.862274,TRADE,6007.5,1
2024-11-24 23:00:14.892544,TRADE,6007.75,100
2024-11-24 23:00:14.893152,TRADE,6007.5,2
2024-11-24 23:00:15.067755,TRADE,6007.75,60
2024-11-24 23:00:15.087670,TRADE,6007.75,4
2024-11-24 23:00:15.441882,TRADE,6007.75,26
2024-11-24 23:00:15.441882,TRADE,6008.0,24
2024-11-24 23:00:15.441895,TRADE,6008.0,50
2024-11-24 23:00:15.441895,TRADE,6008.0,1
2024-11-24 23:00:15.460043,TRADE,6008.0,2
2024-11-24 23:00:15.460626,TRADE,6008.0,2
2024-11-24 23:00:15.461341,TRADE,6007.75,1
2024-11-24 23:00:15.731834,TRADE,6007.75,2
2024-11-24 23:00:15.802257,TRADE,6007.75,1
2024-11-24 23:00:15.860183,TRADE,6008.0,50
2024-11-24 23:00:15.860192,TRADE,6008.0,2
2024-11-24 23:00:15.860198,TRADE,6008.0,2
2024-11-24 23:00:15.860822,TRADE,6008.0,2
2024-11-24 23:00:15.862352,TRADE,6008.0,8
2024-11-24 23:00:15.862948,TRADE,6007.75,2
2024-11-24 23:00:15.899034,TRADE,6008.0,24
2024-11-24 23:00:15.899622,TRADE,6008.0,8
2024-11-24 23:00:15.899894,TRADE,6008.0,8
2024-11-24 23:00:16.008156,TRADE,6007.75,1
2024-11-24 23:00:16.043282,TRADE,6007.75,1
2024-11-24 23:00:16.088535,TRADE,6008.0,8
2024-11-24 23:00:16.097917,TRADE,6008.0,10
2024-11-24 23:00:16.099046,TRADE,6007.75,2
2024-11-24 23:00:16.099326,TRADE,6007.75,2
2024-11-24 23:00:16.578475,TRADE,6007.75,2
2024-11-24 23:00:16.578753,TRADE,6007.75,5
2024-11-24 23:00:16.579408,TRADE,6007.75,1
2024-11-24 23:00:16.579834,TRADE,6007.75,1
2024-11-24 23:00:16.580418,TRADE,6007.75,1
2024-11-24 23:00:16.628683,TRADE,6008.0,3
2024-11-24 23:00:16.682672,TRADE,6008.0,1
2024-11-24 23:00:16.772783,TRADE,6007.75,1
2024-11-24 23:00:16.830528,TRADE,6007.75,2
2024-11-24 23:00:16.959889,TRADE,6007.75,1
2024-11-24 23:00:17.073174,TRADE,6008.0,1
2024-11-24 23:00:17.073618,TRADE,6008.0,2
2024-11-24 23:00:17.089116,TRADE,6008.0,3
2024-11-24 23:00:17.104438,TRADE,6008.0,14
2024-11-24 23:00:17.180439,TRADE,6007.75,1
2024-11-24 23:00:17.203203,TRADE,6008.0,3
2024-11-24 23:00:17.248146,TRADE,6008.0,52
2024-11-24 23:00:17.248917,TRADE,6008.0,1
2024-11-24 23:00:17.257688,TRADE,6008.25,1
2024-11-24 23:00:17.257700,TRADE,6008.25,4
2024-11-24 23:00:17.618905,TRADE,6008.25,13
2024-11-24 23:00:17.651257,TRADE,6008.25,13
2024-11-24 23:00:17.701001,TRADE,6008.0,1
2024-11-24 23:00:17.944753,TRADE,6008.0,2
2024-11-24 23:00:18.000876,TRADE,6008.0,3
2024-11-24 23:00:18.106119,TRADE,6008.25,12
2024-11-24 23:00:18.106646,TRADE,6008.25,1
2024-11-24 23:00:18.106857,TRADE,6008.25,1
2024-11-24 23:00:18.127191,TRADE,6008.25,4
2024-11-24 23:00:18.321403,TRADE,6008.0,1
2024-11-24 23:00:18.366309,TRADE,6008.0,20
2024-11-24 23:00:18.533915,TRADE,6008.25,1
2024-11-24 23:00:18.889488,TRADE,6008.25,25
2024-11-24 23:00:18.892174,TRADE,6008.0,2
2024-11-24 23:00:19.083982,TRADE,6008.25,1
2024-11-24 23:00:19.106649,TRADE,6008.25,1
2024-11-24 23:00:19.196393,TRADE,6008.25,3
2024-11-24 23:00:19.578617,TRADE,6008.0,3
2024-11-24 23:00:19.763869,TRADE,6008.0,10
2024-11-24 23:00:19.764404,TRADE,6008.0,3
2024-11-24 23:00:19.764624,TRADE,6008.0,2
2024-11-24 23:00:19.887260,TRADE,6008.0,1
2024-11-24 23:00:20.047472,TRADE,6008.0,1
2024-11-24 23:00:20.104460,TRADE,6008.25,7
2024-11-24 23:00:20.104901,TRADE,6008.25,1
2024-11-24 23:00:20.257436,TRADE,6008.25,3
2024-11-24 23:00:20.355434,TRADE,6008.0,37
2024-11-24 23:00:20.363125,TRADE,6007.75,1
2024-11-24 23:00:20.376919,TRADE,6008.0,10
2024-11-24 23:00:20.377400,TRADE,6008.0,2
2024-11-24 23:00:20.377782,TRADE,6008.0,2
2024-11-24 23:00:20.378106,TRADE,6008.0,4
2024-11-24 23:00:20.398432,TRADE,6008.0,5
2024-11-24 23:00:20.447656,TRADE,6008.0,2
2024-11-24 23:00:20.485691,TRADE,6008.0,3
2024-11-24 23:00:20.537057,TRADE,6008.0,2
2024-11-24 23:00:20.537446,TRADE,6008.0,2
2024-11-24 23:00:20.673121,TRADE,6008.0,1
2024-11-24 23:00:20.762324,TRADE,6008.0,1
2024-11-24 23:00:20.798509,TRADE,6008.0,1
2024-11-24 23:00:21.106731,TRADE,6008.0,4
2024-11-24 23:00:21.136543,TRADE,6007.75,2
2024-11-24 23:00:21.136986,TRADE,6007.75,15
2024-11-24 23:00:21.137662,TRADE,6007.75,1
2024-11-24 23:00:21.137901,TRADE,6007.75,1
2024-11-24 23:00:21.139388,TRADE,6007.75,1
2024-11-24 23:00:21.147885,TRADE,6007.75,4
2024-11-24 23:00:21.297317,TRADE,6007.75,1
2024-11-24 23:00:21.320803,TRADE,6007.75,10
2024-11-24 23:00:21.321354,TRADE,6007.75,1
2024-11-24 23:00:21.322109,TRADE,6007.75,1
2024-11-24 23:00:21.322539,TRADE,6007.75,1
2024-11-24 23:00:21.441817,TRADE,6008.0,25
2024-11-24 23:00:21.633454,TRADE,6007.75,50
2024-11-24 23:00:21.838430,TRADE,6008.0,1
2024-11-24 23:00:21.936464,TRADE,6008.0,1
2024-11-24 23:00:21.937011,TRADE,6008.0,4
2024-11-24 23:00:21.937162,TRADE,6008.0,1
2024-11-24 23:00:21.937457,TRADE,6008.0,2
2024-11-24 23:00:21.937685,TRADE,6008.0,3
2024-11-24 23:00:21.938324,TRADE,6008.0,1
2024-11-24 23:00:22.235186,TRADE,6008.0,18
2024-11-24 23:00:22.235776,TRADE,6008.0,4
2024-11-24 23:00:22.344005,TRADE,6007.75,1
2024-11-24 23:00:22.664532,TRADE,6008.0,1
2024-11-24 23:00:22.785921,TRADE,6007.75,36
2024-11-24 23:00:22.806662,TRADE,6007.75,7
2024-11-24 23:00:22.827694,TRADE,6007.75,4
2024-11-24 23:00:23.094754,TRADE,6007.75,1
2024-11-24 23:00:23.182864,TRADE,6007.5,1
2024-11-24 23:00:23.828664,TRADE,6007.5,1
2024-11-24 23:00:23.862104,TRADE,6007.75,1
2024-11-24 23:00:24.150914,TRADE,6007.75,1
2024-11-24 23:00:24.317318,TRADE,6007.75,1
2024-11-24 23:00:24.333465,TRADE,6007.5,4
2024-11-24 23:00:24.640760,TRADE,6007.5,9
2024-11-24 23:00:24.786804,TRADE,6007.75,1
2024-11-24 23:00:24.862154,TRADE,6007.5,1
2024-11-24 23:00:24.862595,TRADE,6007.5,1
2024-11-24 23:00:24.982727,TRADE,6007.75,42
2024-11-24 23:00:25.019811,TRADE,6007.75,1
2024-11-24 23:00:25.243021,TRADE,6007.5,1
2024-11-24 23:00:25.361768,TRADE,6007.25,1
2024-11-24 23:00:25.361779,TRADE,6007.25,2
2024-11-24 23:00:25.362198,TRADE,6007.25,1
2024-11-24 23:00:26.115332,TRADE,6007.0,5
2024-11-24 23:00:26.152151,TRADE,6007.0,5
2024-11-24 23:00:26.272950,TRADE,6007.0,5
2024-11-24 23:00:26.303749,TRADE,6007.5,1
2024-11-24 23:00:26.368973,TRADE,6007.0,1
2024-11-24 23:00:26.794282,TRADE,6007.25,1
2024-11-24 23:00:26.795910,TRADE,6007.0,38
2024-11-24 23:00:26.796325,TRADE,6007.0,3
2024-11-24 23:00:26.796544,TRADE,6007.0,2
2024-11-24 23:00:26.796721,TRADE,6007.0,17
2024-11-24 23:00:26.797163,TRADE,6007.0,5
2024-11-24 23:00:26.797638,TRADE,6007.0,8
2024-11-24 23:00:27.124227,TRADE,6007.0,1
2024-11-24 23:00:27.164715,TRADE,6007.0,1
2024-11-24 23:00:27.394962,TRADE,6007.0,2
2024-11-24 23:00:27.673377,TRADE,6007.0,1
2024-11-24 23:00:27.727475,TRADE,6007.25,6
2024-11-24 23:00:27.728009,TRADE,6007.25,1
2024-11-24 23:00:28.213703,TRADE,6007.0,10
2024-11-24 23:00:28.593148,TRADE,6007.0,1
2024-11-24 23:00:28.863648,TRADE,6007.25,2
2024-11-24 23:00:29.291664,TRADE,6007.5,1
2024-11-24 23:00:30.039462,TRADE,6007.5,5
2024-11-24 23:00:30.039637,TRADE,6007.5,3
2024-11-24 23:00:30.039940,TRADE,6007.25,3
2024-11-24 23:00:30.040144,TRADE,6007.25,4
2024-11-24 23:00:30.862448,TRADE,6007.5,1
2024-11-24 23:00:31.191940,TRADE,6007.25,1
2024-11-24 23:00:31.585337,TRADE,6007.75,1
2024-11-24 23:00:31.861988,TRADE,6007.5,1
2024-11-24 23:00:31.862287,TRADE,6007.25,1
2024-11-24 23:00:31.863405,TRADE,6007.25,1
2024-11-24 23:00:31.863932,TRADE,6007.25,1
2024-11-24 23:00:32.301501,TRADE,6007.25,4
2024-11-24 23:00:32.941805,TRADE,6007.0,1
2024-11-24 23:00:32.944090,TRADE,6007.0,1
2024-11-24 23:00:32.944541,TRADE,6007.0,3
2024-11-24 23:00:33.012322,TRADE,6007.25,2
2024-11-24 23:00:33.182598,TRADE,6007.0,2
2024-11-24 23:00:33.948080,TRADE,6007.0,1
2024-11-24 23:00:33.948454,TRADE,6007.0,2
2024-11-24 23:00:33.949026,TRADE,6007.0,46
2024-11-24 23:00:33.952858,TRADE,6006.75,1
2024-11-24 23:00:34.372835,TRADE,6007.0,1
2024-11-24 23:00:34.787614,TRADE,6007.0,12
2024-11-24 23:00:34.787614,TRADE,6007.25,3
2024-11-24 23:00:35.031509,TRADE,6006.75,2
2024-11-24 23:00:35.031509,TRADE,6006.5,6
2024-11-24 23:00:35.031961,TRADE,6006.5,3
2024-11-24 23:00:35.032224,TRADE,6006.5,1
2024-11-24 23:00:35.032517,TRADE,6006.5,8
2024-11-24 23:00:35.033338,TRADE,6006.5,1
2024-11-24 23:00:35.033785,TRADE,6006.5,1
2024-11-24 23:00:35.204416,TRADE,6006.25,5
2024-11-24 23:00:35.694330,TRADE,6006.5,1
2024-11-24 23:00:35.694515,TRADE,6006.5,2
2024-11-24 23:00:35.699896,TRADE,6006.5,2
2024-11-24 23:00:35.862332,TRADE,6007.0,1
2024-11-24 23:00:35.903976,TRADE,6006.25,1
2024-11-24 23:00:36.083663,TRADE,6006.25,1
2024-11-24 23:00:36.139112,TRADE,6006.5,1
2024-11-24 23:00:36.603454,TRADE,6006.25,1
2024-11-24 23:00:36.603807,TRADE,6006.25,1
2024-11-24 23:00:36.861962,TRADE,6006.5,1
2024-11-24 23:00:36.995171,TRADE,6006.25,1
2024-11-24 23:00:37.532039,TRADE,6006.25,3
2024-11-24 23:00:37.861837,TRADE,6006.5,1
2024-11-24 23:00:38.059685,TRADE,6006.5,2
2024-11-24 23:00:38.941023,TRADE,6006.5,4
2024-11-24 23:00:39.332583,TRADE,6006.5,1
2024-11-24 23:00:39.332980,TRADE,6006.5,3
2024-11-24 23:00:39.861958,TRADE,6006.75,1
2024-11-24 23:00:39.915615,TRADE,6006.25,2
2024-11-24 23:00:39.916618,TRADE,6006.75,1
2024-11-24 23:00:39.917551,TRADE,6006.25,3
2024-11-24 23:00:39.922596,TRADE,6006.5,2
2024-11-24 23:00:39.962309,TRADE,6006.25,1
2024-11-24 23:00:40.029557,TRADE,6006.25,2
2024-11-24 23:00:40.223683,TRADE,6006.25,1
2024-11-24 23:00:40.224036,TRADE,6006.25,1
2024-11-24 23:00:40.224415,TRADE,6006.25,1
2024-11-24 23:00:40.442660,TRADE,6006.0,2
2024-11-24 23:00:40.556214,TRADE,6006.0,1
2024-11-24 23:00:40.596611,TRADE,6006.0,1
2024-11-24 23:00:40.598759,TRADE,6006.25,1
2024-11-24 23:00:40.599118,TRADE,6006.25,3
2024-11-24 23:00:40.861974,TRADE,6006.5,1
2024-11-24 23:00:41.001002,TRADE,6006.5,3
2024-11-24 23:00:41.002889,TRADE,6006.25,4
2024-11-24 23:00:41.002889,TRADE,6006.0,2
2024-11-24 23:00:41.346855,TRADE,6006.25,1
2024-11-24 23:00:41.392451,TRADE,6006.5,1
2024-11-24 23:00:41.894010,TRADE,6006.25,1
2024-11-24 23:00:41.894432,TRADE,6006.25,5
2024-11-24 23:00:42.160468,TRADE,6006.5,4
2024-11-24 23:00:42.392671,TRADE,6006.25,5
2024-11-24 23:00:42.842022,TRADE,6006.25,1
2024-11-24 23:00:43.044544,TRADE,6006.75,1
2024-11-24 23:00:43.095086,TRADE,6006.5,1
2024-11-24 23:00:43.237276,TRADE,6006.5,1
2024-11-24 23:00:43.556119,TRADE,6006.5,1
2024-11-24 23:00:43.589868,TRADE,6006.75,3
2024-11-24 23:00:43.706373,TRADE,6006.5,2
2024-11-24 23:00:44.024179,TRADE,6007.0,9
2024-11-24 23:00:44.024818,TRADE,6007.0,1
2024-11-24 23:00:44.025281,TRADE,6007.0,1
2024-11-24 23:00:44.025442,TRADE,6007.0,1
2024-11-24 23:00:44.026757,TRADE,6007.25,1
2024-11-24 23:00:44.027309,TRADE,6007.25,2
2024-11-24 23:00:44.029498,TRADE,6007.25,2
2024-11-24 23:00:44.782181,TRADE,6007.25,1
2024-11-24 23:00:44.782181,TRADE,6007.5,1
2024-11-24 23:00:45.017205,TRADE,6007.5,2
2024-11-24 23:00:45.498918,TRADE,6007.5,2
2024-11-24 23:00:45.593438,TRADE,6007.25,1
2024-11-24 23:00:46.412329,TRADE,6007.5,1
2024-11-24 23:00:46.412902,TRADE,6007.5,1
2024-11-24 23:00:46.727680,TRADE,6007.5,1
2024-11-24 23:00:46.728694,TRADE,6007.5,1
2024-11-24 23:00:46.879616,TRADE,6007.5,1
2024-11-24 23:00:46.880881,TRADE,6007.5,1
2024-11-24 23:00:46.881229,TRADE,6007.5,1
2024-11-24 23:00:46.953821,TRADE,6007.5,2
2024-11-24 23:00:47.294718,TRADE,6007.5,2
2024-11-24 23:00:48.352688,TRADE,6007.5,1
2024-11-24 23:00:50.222691,TRADE,6007.75,1
2024-11-24 23:00:50.597251,TRADE,6007.75,15
2024-11-24 23:00:50.597251,TRADE,6008.0,5
2024-11-24 23:00:50.598760,TRADE,6008.0,1
2024-11-24 23:00:51.417682,TRADE,6008.0,1
2024-11-24 23:00:51.560670,TRADE,6008.0,4
2024-11-24 23:00:51.560670,TRADE,6008.25,46
2024-11-24 23:00:51.560684,TRADE,6008.25,1
2024-11-24 23:00:51.764699,TRADE,6007.75,1
2024-11-24 23:00:51.968594,TRADE,6008.0,1
2024-11-24 23:00:51.968881,TRADE,6008.0,1
2024-11-24 23:00:51.976216,TRADE,6008.0,1
2024-11-24 23:00:51.977317,TRADE,6008.0,3
2024-11-24 23:00:52.034568,TRADE,6007.75,4
2024-11-24 23:00:52.035043,TRADE,6007.75,1
2024-11-24 23:00:52.035960,TRADE,6007.75,1
2024-11-24 23:00:52.048256,TRADE,6008.0,3
2024-11-24 23:00:52.048256,TRADE,6008.25,2
2024-11-24 23:00:52.049201,TRADE,6008.0,2
2024-11-24 23:00:52.407892,TRADE,6007.75,6
2024-11-24 23:00:52.407892,TRADE,6007.5,8
2024-11-24 23:00:52.407892,TRADE,6007.25,23
2024-11-24 23:00:52.409626,TRADE,6007.25,1
2024-11-24 23:00:52.409890,TRADE,6007.25,1
2024-11-24 23:00:52.409890,TRADE,6007.25,1
2024-11-24 23:00:52.410188,TRADE,6007.25,1
2024-11-24 23:00:52.444546,TRADE,6007.25,1
2024-11-24 23:00:52.445026,TRADE,6007.25,1
2024-11-24 23:00:52.445365,TRADE,6007.25,1
2024-11-24 23:00:52.947973,TRADE,6007.25,1
2024-11-24 23:00:53.219864,TRADE,6007.25,1
2024-11-24 23:00:53.237838,TRADE,6007.25,1
2024-11-24 23:00:54.444341,TRADE,6007.25,20
2024-11-24 23:00:54.445382,TRADE,6007.25,1
2024-11-24 23:00:54.647018,TRADE,6007.25,1
2024-11-24 23:00:54.861947,TRADE,6007.25,1
2024-11-24 23:00:54.862292,TRADE,6007.25,1
2024-11-24 23:00:54.881986,TRADE,6007.0,1
2024-11-24 23:00:55.028837,TRADE,6007.25,1
2024-11-24 23:00:55.029123,TRADE,6007.25,1
2024-11-24 23:00:55.029303,TRADE,6007.25,1
2024-11-24 23:00:55.030947,TRADE,6007.25,1
2024-11-24 23:00:55.031268,TRADE,6007.25,1
2024-11-24 23:00:55.245916,TRADE,6007.25,1
2024-11-24 23:00:55.246250,TRADE,6007.25,1
2024-11-24 23:00:55.342080,TRADE,6007.25,4
2024-11-24 23:00:55.342425,TRADE,6007.25,1
2024-11-24 23:00:55.342594,TRADE,6007.25,1
2024-11-24 23:00:55.378077,TRADE,6007.25,1
2024-11-24 23:00:55.378394,TRADE,6007.25,1
2024-11-24 23:00:55.389150,TRADE,6007.25,20
2024-11-24 23:00:55.389150,TRADE,6007.5,5
2024-11-24 23:00:55.862066,TRADE,6007.5,1
2024-11-24 23:00:55.862332,TRADE,6007.75,2
2024-11-24 23:00:55.862475,TRADE,6007.5,1
2024-11-24 23:00:55.862632,TRADE,6007.5,1
2024-11-24 23:00:56.251971,TRADE,6008.0,1
2024-11-24 23:00:56.601967,TRADE,6007.5,2
2024-11-24 23:00:57.821316,TRADE,6007.75,1
2024-11-24 23:00:58.752200,TRADE,6007.75,2
2024-11-24 23:00:58.752200,TRADE,6008.0,8
2024-11-24 23:00:58.752200,TRADE,6008.25,1
2024-11-24 23:00:58.752213,TRADE,6008.25,1
2024-11-24 23:00:58.764538,TRADE,6007.75,2
2024-11-24 23:00:58.764853,TRADE,6007.75,2
2024-11-24 23:00:59.588706,TRADE,6007.25,1
2024-11-24 23:00:59.767652,TRADE,6007.75,1
2024-11-24 23:00:59.767983,TRADE,6007.75,2
2024-11-24 23:01:00.122141,TRADE,6007.75,1
2024-11-24 23:01:00.171538,TRADE,6007.75,3
2024-11-24 23:01:00.237288,TRADE,6008.0,5
2024-11-24 23:01:00.411517,TRADE,6008.0,1
2024-11-24 23:01:01.440945,TRADE,6008.0,1
2024-11-24 23:01:01.471019,TRADE,6008.0,1
2024-11-24 23:01:01.950554,TRADE,6008.0,1
2024-11-24 23:01:01.950920,TRADE,6008.0,1
2024-11-24 23:01:02.017409,TRADE,6007.75,2
2024-11-24 23:01:02.167398,TRADE,6007.75,2
2024-11-24 23:01:02.167561,TRADE,6008.0,1
2024-11-24 23:01:02.167758,TRADE,6007.75,3
2024-11-24 23:01:02.167892,TRADE,6007.75,1
2024-11-24 23:01:02.177329,TRADE,6008.0,2
2024-11-24 23:01:02.177633,TRADE,6008.0,1
2024-11-24 23:01:02.421477,TRADE,6008.0,4
2024-11-24 23:01:02.564561,TRADE,6008.25,7
2024-11-24 23:01:02.709006,TRADE,6007.75,2
2024-11-24 23:01:02.709606,TRADE,6007.75,1
2024-11-24 23:01:02.775870,TRADE,6008.0,1
2024-11-24 23:01:03.200718,TRADE,6008.0,1
2024-11-24 23:01:03.825839,TRADE,6008.0,1
2024-11-24 23:01:03.826369,TRADE,6008.0,1
2024-11-24 23:01:04.268895,TRADE,6008.25,1
2024-11-24 23:01:04.343749,TRADE,6008.0,1
2024-11-24 23:01:04.343804,TRADE,6008.0,1
2024-11-24 23:01:04.343804,TRADE,6008.0,1
2024-11-24 23:01:05.010875,TRADE,6007.75,9
2024-11-24 23:01:05.076465,TRADE,6007.75,1
2024-11-24 23:01:05.167587,TRADE,6007.75,3
2024-11-24 23:01:05.310366,TRADE,6008.0,5
2024-11-24 23:01:05.310366,TRADE,6008.25,5
2024-11-24 23:01:05.310768,TRADE,6008.0,1
2024-11-24 23:01:05.311076,TRADE,6008.0,1
2024-11-24 23:01:05.477228,TRADE,6008.25,1
2024-11-24 23:01:05.710761,TRADE,6008.0,1
2024-11-24 23:01:05.711048,TRADE,6008.0,1
2024-11-24 23:01:05.711331,TRADE,6008.0,1
2024-11-24 23:01:05.711548,TRADE,6008.0,2
2024-11-24 23:01:05.711858,TRADE,6008.0,1
2024-11-24 23:01:05.711968,TRADE,6008.0,1
2024-11-24 23:01:05.712135,TRADE,6008.0,1
2024-11-24 23:01:05.728001,TRADE,6007.75,1
2024-11-24 23:01:05.757590,TRADE,6007.75,1
2024-11-24 23:01:06.380425,TRADE,6007.75,1
2024-11-24 23:01:06.951838,TRADE,6007.5,1
2024-11-24 23:01:06.952097,TRADE,6007.5,2
2024-11-24 23:01:06.952274,TRADE,6007.75,1
2024-11-24 23:01:07.143111,TRADE,6007.75,1
2024-11-24 23:01:07.143476,TRADE,6007.75,2
2024-11-24 23:01:07.156209,TRADE,6007.5,1
2024-11-24 23:01:07.273235,TRADE,6007.75,1
2024-11-24 23:01:07.343613,TRADE,6007.75,1
2024-11-24 23:01:07.577317,TRADE,6008.0,1
2024-11-24 23:01:07.578771,TRADE,6008.0,2
2024-11-24 23:01:07.578877,TRADE,6008.0,1
2024-11-24 23:01:07.579980,TRADE,6008.0,1
2024-11-24 23:01:07.580506,TRADE,6008.0,1
2024-11-24 23:01:08.069781,TRADE,6007.75,1
2024-11-24 23:01:08.558034,TRADE,6008.0,1
2024-11-24 23:01:08.684010,TRADE,6007.75,1
2024-11-24 23:01:08.684884,TRADE,6007.75,4
2024-11-24 23:01:08.684884,TRADE,6007.5,7
2024-11-24 23:01:08.686242,TRADE,6007.5,2
2024-11-24 23:01:09.114833,TRADE,6007.75,1
2024-11-24 23:01:09.115845,TRADE,6007.75,1
2024-11-24 23:01:09.179475,TRADE,6008.0,2
2024-11-24 23:01:09.179869,TRADE,6008.0,2
2024-11-24 23:01:09.223362,TRADE,6008.0,3
2024-11-24 23:01:09.224012,TRADE,6007.75,2
2024-11-24 23:01:09.263562,TRADE,6007.75,1
2024-11-24 23:01:09.681975,TRADE,6007.75,1
2024-11-24 23:01:09.784546,TRADE,6008.25,1
2024-11-24 23:01:09.784563,TRADE,6008.25,2
2024-11-24 23:01:09.785924,TRADE,6008.25,1
2024-11-24 23:01:10.078017,TRADE,6008.25,1
2024-11-24 23:01:10.703392,TRADE,6008.25,1
2024-11-24 23:01:10.832314,TRADE,6008.25,1
2024-11-24 23:01:10.894695,TRADE,6008.25,50
2024-11-24 23:01:10.895589,TRADE,6008.25,1
2024-11-24 23:01:10.896313,TRADE,6008.0,1
2024-11-24 23:01:10.896414,TRADE,6008.25,1
2024-11-24 23:01:11.257455,TRADE,6008.25,1
2024-11-24 23:01:11.476459,TRADE,6008.25,1
2024-11-24 23:01:12.309017,TRADE,6008.25,1
2024-11-24 23:01:12.873001,TRADE,6008.0,3
2024-11-24 23:01:12.873504,TRADE,6008.25,5
2024-11-24 23:01:13.178295,TRADE,6008.25,1
2024-11-24 23:01:13.642661,TRADE,6008.0,1
2024-11-24 23:01:13.642811,TRADE,6008.0,7
2024-11-24 23:01:13.764120,TRADE,6008.25,30
2024-11-24 23:01:13.798135,TRADE,6008.25,1
2024-11-24 23:01:14.632478,TRADE,6008.25,4
2024-11-24 23:01:14.635457,TRADE,6008.0,1
2024-11-24 23:01:14.635718,TRADE,6008.0,1
2024-11-24 23:01:14.635957,TRADE,6008.0,1
2024-11-24 23:01:14.636334,TRADE,6008.0,8
2024-11-24 23:01:14.698792,TRADE,6008.25,1
2024-11-24 23:01:15.283854,TRADE,6008.0,1
2024-11-24 23:01:15.460926,TRADE,6008.0,1
2024-11-24 23:01:15.461264,TRADE,6008.0,2
2024-11-24 23:01:15.898210,TRADE,6008.0,2
2024-11-24 23:01:15.898511,TRADE,6008.0,1
2024-11-24 23:01:15.909510,TRADE,6008.0,6
2024-11-24 23:01:15.909597,TRADE,6008.0,1
2024-11-24 23:01:16.013835,TRADE,6008.25,1
2024-11-24 23:01:16.383637,TRADE,6008.25,1
2024-11-24 23:01:17.718661,TRADE,6008.25,29
2024-11-24 23:01:17.718661,TRADE,6008.5,1
2024-11-24 23:01:17.718675,TRADE,6008.5,1
2024-11-24 23:01:17.719218,TRADE,6008.25,1
2024-11-24 23:01:17.719553,TRADE,6008.25,1
2024-11-24 23:01:17.719974,TRADE,6008.25,2
2024-11-24 23:01:17.862135,TRADE,6008.25,1
2024-11-24 23:01:18.228395,TRADE,6008.0,3
2024-11-24 23:01:18.228683,TRADE,6008.0,1
2024-11-24 23:01:18.277654,TRADE,6008.25,1
2024-11-24 23:01:18.843377,TRADE,6008.0,2
2024-11-24 23:01:18.843377,TRADE,6007.75,1
2024-11-24 23:01:18.843770,TRADE,6008.0,1
2024-11-24 23:01:18.850972,TRADE,6008.0,1
2024-11-24 23:01:18.851097,TRADE,6008.0,1
2024-11-24 23:01:19.057336,TRADE,6008.0,2
2024-11-24 23:01:19.057336,TRADE,6007.75,1
2024-11-24 23:01:19.488840,TRADE,6007.75,1
2024-11-24 23:01:19.895119,TRADE,6008.0,1
2024-11-24 23:01:19.895240,TRADE,6008.0,1
2024-11-24 23:01:20.186855,TRADE,6008.0,1
2024-11-24 23:01:20.194617,TRADE,6008.0,1
2024-11-24 23:01:20.201483,TRADE,6007.75,1
2024-11-24 23:01:20.245321,TRADE,6008.0,1
2024-11-24 23:01:20.251300,TRADE,6008.0,1
2024-11-24 23:01:20.345230,TRADE,6008.0,1
2024-11-24 23:01:20.404004,TRADE,6007.75,1
2024-11-24 23:01:20.475412,TRADE,6008.0,1
2024-11-24 23:01:20.611222,TRADE,6008.0,1
2024-11-24 23:01:20.611503,TRADE,6008.0,1
2024-11-24 23:01:20.611630,TRADE,6008.0,1
2024-11-24 23:01:20.611799,TRADE,6008.0,1
2024-11-24 23:01:20.686276,TRADE,6008.25,2
2024-11-24 23:01:20.686638,TRADE,6008.25,8
2024-11-24 23:01:20.699456,TRADE,6008.5,3
2024-11-24 23:01:20.797805,TRADE,6008.0,1
2024-11-24 23:01:20.938296,TRADE,6008.25,2
2024-11-24 23:01:21.351315,TRADE,6008.5,1
2024-11-24 23:01:22.541860,TRADE,6008.25,2
2024-11-24 23:01:22.590761,TRADE,6008.5,1
2024-11-24 23:01:23.345671,TRADE,6008.25,4
2024-11-24 23:01:23.345671,TRADE,6008.5,46
2024-11-24 23:01:23.346252,TRADE,6008.25,1
2024-11-24 23:01:23.346541,TRADE,6008.25,1
2024-11-24 23:01:23.346699,TRADE,6008.25,2
2024-11-24 23:01:23.363010,TRADE,6008.0,2
2024-11-24 23:01:23.363010,TRADE,6007.75,23
2024-11-24 23:01:23.374627,TRADE,6008.0,1
2024-11-24 23:01:23.374901,TRADE,6008.0,2
2024-11-24 23:01:23.375049,TRADE,6008.0,1
2024-11-24 23:01:23.578157,TRADE,6008.0,1
2024-11-24 23:01:24.235196,TRADE,6008.25,6
2024-11-24 23:01:24.235196,TRADE,6008.5,19
2024-11-24 23:01:24.236231,TRADE,6008.25,1
2024-11-24 23:01:24.236343,TRADE,6008.25,1
2024-11-24 23:01:26.348008,TRADE,6008.0,2
2024-11-24 23:01:27.662452,TRADE,6008.0,2
2024-11-24 23:01:27.662762,TRADE,6008.0,1
2024-11-24 23:01:28.030191,TRADE,6007.75,21
2024-11-24 23:01:29.035977,TRADE,6007.5,1
2024-11-24 23:01:29.036282,TRADE,6007.5,1
2024-11-24 23:01:29.037616,TRADE,6007.5,1
2024-11-24 23:01:29.037743,TRADE,6007.5,1
2024-11-24 23:01:29.494206,TRADE,6007.5,2
2024-11-24 23:01:29.494508,TRADE,6007.5,1
2024-11-24 23:01:29.582973,TRADE,6007.75,20
2024-11-24 23:01:29.583705,TRADE,6007.75,1
2024-11-24 23:01:29.584025,TRADE,6007.75,1
2024-11-24 23:01:29.584332,TRADE,6007.75,1
2024-11-24 23:01:29.584732,TRADE,6007.75,1
2024-11-24 23:01:29.585626,TRADE,6007.75,1
2024-11-24 23:01:30.476821,TRADE,6007.75,1
2024-11-24 23:01:31.955403,TRADE,6007.75,2
2024-11-24 23:01:31.955403,TRADE,6007.5,6
2024-11-24 23:01:31.967640,TRADE,6007.75,4
2024-11-24 23:01:32.008931,TRADE,6007.75,1
2024-11-24 23:01:32.009125,TRADE,6007.75,2
2024-11-24 23:01:32.009382,TRADE,6007.75,1
2024-11-24 23:01:32.205408,TRADE,6007.75,1
2024-11-24 23:01:32.205408,TRADE,6008.0,7
2024-11-24 23:01:32.205408,TRADE,6008.25,10
2024-11-24 23:01:32.205408,TRADE,6008.5,12
2024-11-24 23:01:32.206415,TRADE,6008.0,2
2024-11-24 23:01:32.206568,TRADE,6008.0,1
2024-11-24 23:01:32.207035,TRADE,6008.0,1
2024-11-24 23:01:33.061677,TRADE,6008.0,1
2024-11-24 23:01:33.061955,TRADE,6008.0,1
2024-11-24 23:01:33.632902,TRADE,6008.0,1
2024-11-24 23:01:33.633147,TRADE,6008.0,1
2024-11-24 23:01:33.649087,TRADE,6008.0,2
2024-11-24 23:01:34.035662,TRADE,6007.75,2
2024-11-24 23:01:35.196350,TRADE,6008.0,4
2024-11-24 23:01:35.196350,TRADE,6008.25,3
2024-11-24 23:01:35.197881,TRADE,6008.0,1
2024-11-24 23:01:35.198930,TRADE,6008.0,1
2024-11-24 23:01:35.635487,TRADE,6008.0,2
2024-11-24 23:01:35.635630,TRADE,6008.0,2
2024-11-24 23:01:35.636523,TRADE,6008.0,2
2024-11-24 23:01:35.638101,TRADE,6008.0,1
2024-11-24 23:01:35.642103,TRADE,6008.0,1
2024-11-24 23:01:35.980804,TRADE,6008.0,2
2024-11-24 23:01:36.049032,TRADE,6008.0,1
2024-11-24 23:01:36.049032,TRADE,6007.75,5
2024-11-24 23:01:36.049598,TRADE,6008.0,1
2024-11-24 23:01:36.050141,TRADE,6008.0,1
2024-11-24 23:01:36.066820,TRADE,6008.25,2
2024-11-24 23:01:36.066926,TRADE,6008.0,1
2024-11-24 23:01:36.067231,TRADE,6008.0,1
2024-11-24 23:01:36.324894,TRADE,6008.0,1
2024-11-24 23:01:36.325017,TRADE,6008.0,1
2024-11-24 23:01:36.565447,TRADE,6008.0,1
2024-11-24 23:01:37.400834,TRADE,6008.0,1
2024-11-24 23:01:37.400955,TRADE,6008.0,1
2024-11-24 23:01:37.401719,TRADE,6008.0,1
2024-11-24 23:01:37.432286,TRADE,6008.25,2
2024-11-24 23:01:37.432657,TRADE,6008.0,1
2024-11-24 23:01:37.433148,TRADE,6008.0,1
2024-11-24 23:01:37.880110,TRADE,6008.0,1
2024-11-24 23:01:38.768391,TRADE,6008.0,1
2024-11-24 23:01:38.986646,TRADE,6007.75,1
2024-11-24 23:01:39.179682,TRADE,6008.0,1
2024-11-24 23:01:39.179974,TRADE,6008.0,1
2024-11-24 23:01:39.180427,TRADE,6008.0,2
2024-11-24 23:01:39.180750,TRADE,6008.0,1
2024-11-24 23:01:39.355177,TRADE,6008.25,1
2024-11-24 23:01:39.685033,TRADE,6007.75,2
2024-11-24 23:01:39.685176,TRADE,6007.75,3
2024-11-24 23:01:39.685335,TRADE,6007.75,3
2024-11-24 23:01:39.744040,TRADE,6008.0,1
2024-11-24 23:01:39.745078,TRADE,6007.75,1
2024-11-24 23:01:40.305716,TRADE,6007.75,1
2024-11-24 23:01:40.643647,TRADE,6007.75,1
2024-11-24 23:01:40.733552,TRADE,6008.0,8
2024-11-24 23:01:40.733552,TRADE,6008.25,2
2024-11-24 23:01:40.734113,TRADE,6008.0,2
2024-11-24 23:01:41.076179,TRADE,6008.0,1
2024-11-24 23:01:41.393477,TRADE,6008.25,1
2024-11-24 23:01:41.394615,TRADE,6008.25,2
2024-11-24 23:01:41.989493,TRADE,6008.5,10
2024-11-24 23:01:42.412804,TRADE,6008.25,2
2024-11-24 23:01:42.518637,TRADE,6008.5,2
2024-11-24 23:01:42.884192,TRADE,6008.0,1
2024-11-24 23:01:42.916480,TRADE,6008.0,2
2024-11-24 23:01:42.916833,TRADE,6008.25,1
2024-11-24 23:01:43.024855,TRADE,6008.5,2
2024-11-24 23:01:43.063498,TRADE,6008.5,1
2024-11-24 23:01:43.074637,TRADE,6008.25,1
2024-11-24 23:01:43.074907,TRADE,6008.25,1
2024-11-24 23:01:43.075046,TRADE,6008.25,1
2024-11-24 23:01:43.173911,TRADE,6008.25,1
2024-11-24 23:01:43.174016,TRADE,6008.25,1
2024-11-24 23:01:44.175554,TRADE,6008.5,2
2024-11-24 23:01:45.001015,TRADE,6008.5,1
2024-11-24 23:01:45.734660,TRADE,6008.25,1
2024-11-24 23:01:46.028598,TRADE,6008.5,20
2024-11-24 23:01:46.028928,TRADE,6008.5,1
2024-11-24 23:01:46.029120,TRADE,6008.5,2
2024-11-24 23:01:46.029275,TRADE,6008.5,11
2024-11-24 23:01:46.029590,TRADE,6008.5,3
2024-11-24 23:01:46.030735,TRADE,6008.25,2
2024-11-24 23:01:46.031010,TRADE,6008.25,2
2024-11-24 23:01:46.031161,TRADE,6008.25,1
2024-11-24 23:01:46.049823,TRADE,6008.25,1
2024-11-24 23:01:46.359353,TRADE,6008.25,1
2024-11-24 23:01:46.359594,TRADE,6008.0,2
2024-11-24 23:01:46.359769,TRADE,6008.25,2
2024-11-24 23:01:46.360408,TRADE,6008.0,3
2024-11-24 23:01:46.360777,TRADE,6008.25,3
2024-11-24 23:01:46.757219,TRADE,6008.0,1
2024-11-24 23:01:47.294058,TRADE,6008.5,1
2024-11-24 23:01:47.518583,TRADE,6008.5,1
2024-11-24 23:01:47.760402,TRADE,6008.5,1
2024-11-24 23:01:47.975657,TRADE,6008.5,33
2024-11-24 23:01:47.975902,TRADE,6008.5,1
2024-11-24 23:01:47.976065,TRADE,6008.5,2
2024-11-24 23:01:47.976513,TRADE,6008.25,1
2024-11-24 23:01:48.565283,TRADE,6008.5,3
2024-11-24 23:01:48.565666,TRADE,6008.5,13
2024-11-24 23:01:48.565923,TRADE,6008.5,2
2024-11-24 23:01:48.566240,TRADE,6008.5,10
2024-11-24 23:01:48.597051,TRADE,6008.5,1
2024-11-24 23:01:48.631907,TRADE,6008.25,1
2024-11-24 23:01:48.651438,TRADE,6008.5,5
2024-11-24 23:01:49.562328,TRADE,6008.5,5
2024-11-24 23:01:49.581162,TRADE,6008.25,1
2024-11-24 23:01:49.581283,TRADE,6008.25,3
2024-11-24 23:01:49.581414,TRADE,6008.25,4
2024-11-24 23:01:49.581565,TRADE,6008.25,2
2024-11-24 23:01:49.581804,TRADE,6008.25,1
2024-11-24 23:01:49.582062,TRADE,6008.25,2
2024-11-24 23:01:49.582403,TRADE,6008.0,3
2024-11-24 23:01:49.582794,TRADE,6008.0,2
2024-11-24 23:01:49.584713,TRADE,6008.25,3
2024-11-24 23:01:49.584997,TRADE,6008.25,2
2024-11-24 23:01:49.585428,TRADE,6008.25,1
2024-11-24 23:01:49.586042,TRADE,6008.25,2
2024-11-24 23:01:49.586339,TRADE,6008.25,1
2024-11-24 23:01:49.587061,TRADE,6008.25,1
2024-11-24 23:01:49.589246,TRADE,6008.25,1
2024-11-24 23:01:49.639017,TRADE,6008.5,1
2024-11-24 23:01:49.639455,TRADE,6008.25,1
2024-11-24 23:01:49.639728,TRADE,6008.25,1
2024-11-24 23:01:49.827465,TRADE,6008.5,25
2024-11-24 23:01:49.827861,TRADE,6008.5,1
2024-11-24 23:01:50.093134,TRADE,6008.5,1
2024-11-24 23:01:50.093655,TRADE,6008.5,3
2024-11-24 23:01:50.492517,TRADE,6008.25,2
2024-11-24 23:01:50.493670,TRADE,6008.25,1
2024-11-24 23:01:50.493944,TRADE,6008.25,1
2024-11-24 23:01:50.525798,TRADE,6008.5,1
2024-11-24 23:01:50.896354,TRADE,6008.5,4
2024-11-24 23:01:51.144674,TRADE,6008.5,1
2024-11-24 23:01:51.624907,TRADE,6008.5,1
2024-11-24 23:01:51.840395,TRADE,6008.5,7
2024-11-24 23:01:51.840709,TRADE,6008.5,11
2024-11-24 23:01:51.840969,TRADE,6008.5,1
2024-11-24 23:01:52.110841,TRADE,6008.5,2
2024-11-24 23:01:52.191436,TRADE,6008.25,1
2024-11-24 23:01:52.373563,TRADE,6008.25,1
2024-11-24 23:01:52.665649,TRADE,6008.5,1
2024-11-24 23:01:54.013422,TRADE,6008.5,25
2024-11-24 23:01:54.013642,TRADE,6008.5,1
2024-11-24 23:01:54.383951,TRADE,6008.5,8
2024-11-24 23:01:54.605198,TRADE,6008.25,1
2024-11-24 23:01:54.605444,TRADE,6008.25,1
2024-11-24 23:01:55.198539,TRADE,6008.5,1
2024-11-24 23:01:55.323369,TRADE,6008.5,2
2024-11-24 23:01:55.864357,TRADE,6008.25,1
2024-11-24 23:01:56.045562,TRADE,6008.5,5
2024-11-24 23:01:56.045886,TRADE,6008.5,1
2024-11-24 23:01:56.210733,TRADE,6008.25,2
2024-11-24 23:01:57.487277,TRADE,6008.5,1
2024-11-24 23:01:57.488124,TRADE,6008.5,1
2024-11-24 23:01:57.488159,TRADE,6008.5,1
2024-11-24 23:01:59.279053,TRADE,6008.5,7
2024-11-24 23:01:59.828232,TRADE,6008.25,1
2024-11-24 23:01:59.858451,TRADE,6008.75,40
2024-11-24 23:01:59.935492,TRADE,6008.75,2
2024-11-24 23:02:00.128232,TRADE,6008.75,1
2024-11-24 23:02:00.254886,TRADE,6008.75,2
2024-11-24 23:02:00.456106,TRADE,6008.75,3
2024-11-24 23:02:00.456422,TRADE,6008.75,1
2024-11-24 23:02:00.456531,TRADE,6008.75,1
2024-11-24 23:02:00.456660,TRADE,6008.75,1
2024-11-24 23:02:00.456784,TRADE,6008.75,1
2024-11-24 23:02:00.553148,TRADE,6008.5,1
2024-11-24 23:02:00.785358,TRADE,6008.75,25
2024-11-24 23:02:01.106710,TRADE,6008.75,2
2024-11-24 23:02:01.304213,TRADE,6008.75,30
2024-11-24 23:02:01.325537,TRADE,6008.75,5
2024-11-24 23:02:02.817720,TRADE,6008.5,22
2024-11-24 23:02:02.839413,TRADE,6008.5,2
2024-11-24 23:02:02.839574,TRADE,6008.5,3
2024-11-24 23:02:02.839737,TRADE,6008.5,1
2024-11-24 23:02:02.840345,TRADE,6008.5,2
2024-11-24 23:02:03.568975,TRADE,6008.5,16
2024-11-24 23:02:03.782469,TRADE,6008.75,2
2024-11-24 23:02:03.782601,TRADE,6008.75,4
2024-11-24 23:02:03.782811,TRADE,6008.75,4
2024-11-24 23:02:03.783151,TRADE,6008.5,1
2024-11-24 23:02:03.796995,TRADE,6008.5,2
2024-11-24 23:02:04.672349,TRADE,6008.25,3
2024-11-24 23:02:05.059382,TRADE,6008.25,1
2024-11-24 23:02:05.374584,TRADE,6008.75,30
2024-11-24 23:02:06.006341,TRADE,6008.25,5
2024-11-24 23:02:06.851480,TRADE,6008.25,3
2024-11-24 23:02:07.836593,TRADE,6008.5,2
2024-11-24 23:02:07.836904,TRADE,6008.5,1
2024-11-24 23:02:07.837053,TRADE,6008.5,1
2024-11-24 23:02:07.912010,TRADE,6008.25,2
2024-11-24 23:02:07.921567,TRADE,6008.75,20
2024-11-24 23:02:08.611754,TRADE,6008.75,1
2024-11-24 23:02:08.956524,TRADE,6008.75,1
2024-11-24 23:02:09.236934,TRADE,6008.75,1
2024-11-24 23:02:09.753821,TRADE,6008.5,7
2024-11-24 23:02:09.754127,TRADE,6008.5,1
2024-11-24 23:02:09.754388,TRADE,6008.5,2
2024-11-24 23:02:09.755551,TRADE,6008.5,1
2024-11-24 23:02:09.776421,TRADE,6008.5,4
2024-11-24 23:02:10.276984,TRADE,6008.5,1
2024-11-24 23:02:10.277272,TRADE,6008.5,2
2024-11-24 23:02:10.487989,TRADE,6008.5,1
2024-11-24 23:02:10.696216,TRADE,6008.25,1
2024-11-24 23:02:11.051304,TRADE,6008.5,1
2024-11-24 23:02:11.051395,TRADE,6008.5,3
2024-11-24 23:02:11.109017,TRADE,6008.5,1
2024-11-24 23:02:11.109321,TRADE,6008.5,1
2024-11-24 23:02:11.109543,TRADE,6008.5,1
2024-11-24 23:02:11.112286,TRADE,6008.5,1
2024-11-24 23:02:11.112420,TRADE,6008.5,2
2024-11-24 23:02:11.114805,TRADE,6008.75,1
2024-11-24 23:02:11.260830,TRADE,6008.75,1
2024-11-24 23:02:11.624362,TRADE,6008.75,1
2024-11-24 23:02:11.737762,TRADE,6008.75,1
2024-11-24 23:02:12.362962,TRADE,6008.75,1
2024-11-24 23:02:12.988110,TRADE,6008.75,1
2024-11-24 23:02:13.119331,TRADE,6008.75,1
2024-11-24 23:02:13.123242,TRADE,6008.75,1
2024-11-24 23:02:13.239471,TRADE,6008.5,5
2024-11-24 23:02:13.613839,TRADE,6008.75,1
2024-11-24 23:02:14.109540,TRADE,6008.5,1
2024-11-24 23:02:14.238557,TRADE,6008.75,1
2024-11-24 23:02:14.788113,TRADE,6008.75,3
2024-11-24 23:02:14.788453,TRADE,6008.75,2
2024-11-24 23:02:14.863687,TRADE,6008.75,1
2024-11-24 23:02:15.488802,TRADE,6008.75,1
2024-11-24 23:02:15.533649,TRADE,6008.75,21
2024-11-24 23:02:15.534977,TRADE,6008.75,1
2024-11-24 23:02:15.535319,TRADE,6008.75,2
2024-11-24 23:02:16.155101,TRADE,6008.75,3
2024-11-24 23:02:16.402187,TRADE,6008.5,4
2024-11-24 23:02:16.739154,TRADE,6008.75,1
2024-11-24 23:02:17.364401,TRADE,6008.75,1
2024-11-24 23:02:17.563990,TRADE,6008.75,1
2024-11-24 23:02:17.667724,TRADE,6008.5,2
2024-11-24 23:02:18.579755,TRADE,6008.75,1
2024-11-24 23:02:18.822520,TRADE,6008.5,1
2024-11-24 23:02:18.985089,TRADE,6008.5,1
2024-11-24 23:02:19.200243,TRADE,6008.75,1
2024-11-24 23:02:19.971467,TRADE,6008.75,20
2024-11-24 23:02:19.971823,TRADE,6008.75,1
2024-11-24 23:02:19.972479,TRADE,6008.75,1
2024-11-24 23:02:19.972691,TRADE,6008.75,1
2024-11-24 23:02:20.231683,TRADE,6008.75,2
2024-11-24 23:02:20.232712,TRADE,6008.75,4
2024-11-24 23:02:20.381792,TRADE,6008.75,1
2024-11-24 23:02:20.590495,TRADE,6008.75,1
2024-11-24 23:02:20.657125,TRADE,6008.75,5
2024-11-24 23:02:20.657581,TRADE,6008.75,2
2024-11-24 23:02:20.658148,TRADE,6008.75,1
2024-11-24 23:02:20.944806,TRADE,6008.75,7
2024-11-24 23:02:21.065855,TRADE,6008.5,5
2024-11-24 23:02:21.256249,TRADE,6008.5,1
2024-11-24 23:02:21.891681,TRADE,6008.5,4
2024-11-24 23:02:22.159668,TRADE,6008.5,1
2024-11-24 23:02:22.200171,TRADE,6008.75,1
2024-11-24 23:02:22.499086,TRADE,6008.75,1
2024-11-24 23:02:22.563824,TRADE,6008.75,8
2024-11-24 23:02:22.564151,TRADE,6008.75,3
2024-11-24 23:02:22.566060,TRADE,6008.75,1
2024-11-24 23:02:24.200623,TRADE,6008.75,1
2024-11-24 23:02:25.200729,TRADE,6008.75,1
2024-11-24 23:02:25.232577,TRADE,6008.75,2
2024-11-24 23:02:25.232918,TRADE,6008.75,1
2024-11-24 23:02:26.200905,TRADE,6008.75,1
2024-11-24 23:02:27.201007,TRADE,6008.75,1
2024-11-24 23:02:27.317309,TRADE,6008.75,2
2024-11-24 23:02:27.839795,TRADE,6008.5,2
2024-11-24 23:02:28.201191,TRADE,6008.75,1
2024-11-24 23:02:28.282901,TRADE,6008.75,1
2024-11-24 23:02:28.332915,TRADE,6008.5,1
2024-11-24 23:02:28.809671,TRADE,6008.75,2
2024-11-24 23:02:28.810013,TRADE,6008.75,2
2024-11-24 23:02:28.810356,TRADE,6008.75,1
2024-11-24 23:02:28.810671,TRADE,6008.75,1
2024-11-24 23:02:28.810787,TRADE,6008.75,2
2024-11-24 23:02:28.862057,TRADE,6008.75,2
2024-11-24 23:02:29.861981,TRADE,6008.75,1
2024-11-24 23:02:30.363703,TRADE,6009.0,10
2024-11-24 23:02:30.363716,TRADE,6009.0,1
2024-11-24 23:02:30.363716,TRADE,6009.0,1
2024-11-24 23:02:30.363716,TRADE,6009.0,1
2024-11-24 23:02:30.363716,TRADE,6009.0,1
2024-11-24 23:02:31.080961,TRADE,6008.75,1
2024-11-24 23:02:31.786741,TRADE,6009.0,10
2024-11-24 23:02:31.787355,TRADE,6008.75,1
2024-11-24 23:02:31.787478,TRADE,6008.75,1
2024-11-24 23:02:31.788339,TRADE,6009.0,1
2024-11-24 23:02:32.492559,TRADE,6008.75,25
2024-11-24 23:02:32.493047,TRADE,6008.5,2
2024-11-24 23:02:32.513891,TRADE,6008.75,6
2024-11-24 23:02:32.534951,TRADE,6008.75,2
2024-11-24 23:02:32.606264,TRADE,6008.75,8
2024-11-24 23:02:33.141870,TRADE,6008.75,40
2024-11-24 23:02:33.142181,TRADE,6008.75,4
2024-11-24 23:02:33.142269,TRADE,6008.75,3
2024-11-24 23:02:33.142396,TRADE,6008.75,1
2024-11-24 23:02:33.143015,TRADE,6008.75,1
2024-11-24 23:02:33.915856,TRADE,6008.75,1
2024-11-24 23:02:34.495966,TRADE,6008.75,1
2024-11-24 23:02:35.329127,TRADE,6008.75,1
2024-11-24 23:02:36.163938,TRADE,6008.75,1
2024-11-24 23:02:36.995830,TRADE,6008.75,1
2024-11-24 23:02:37.829640,TRADE,6008.75,1
2024-11-24 23:02:37.862909,TRADE,6008.75,6
2024-11-24 23:02:38.661518,TRADE,6008.75,1
2024-11-24 23:02:38.661750,TRADE,6009.0,1
2024-11-24 23:02:39.009094,TRADE,6009.0,1
2024-11-24 23:02:39.494927,TRADE,6009.0,1
2024-11-24 23:02:40.267602,TRADE,6009.0,2
2024-11-24 23:02:40.328720,TRADE,6009.0,1
2024-11-24 23:02:40.340066,TRADE,6008.75,1
2024-11-24 23:02:40.630505,TRADE,6008.75,10
2024-11-24 23:02:40.630799,TRADE,6008.75,3
2024-11-24 23:02:40.630917,TRADE,6008.75,2
2024-11-24 23:02:40.631172,TRADE,6008.75,9
2024-11-24 23:02:40.631530,TRADE,6009.0,1
2024-11-24 23:02:41.456898,TRADE,6008.75,1
2024-11-24 23:02:41.458449,TRADE,6008.75,2
2024-11-24 23:02:41.542296,TRADE,6009.0,1
2024-11-24 23:02:41.924698,TRADE,6008.75,1
2024-11-24 23:02:43.158590,TRADE,6008.75,11
2024-11-24 23:02:44.029291,TRADE,6008.75,1
2024-11-24 23:02:44.029835,TRADE,6008.75,3
2024-11-24 23:02:50.030291,TRADE,6008.5,1
2024-11-24 23:02:50.926097,TRADE,6008.5,1
2024-11-24 23:02:51.332592,TRADE,6008.5,1
2024-11-24 23:02:52.506580,TRADE,6008.5,1
2024-11-24 23:02:52.507039,TRADE,6008.5,24
2024-11-24 23:02:52.507362,TRADE,6008.5,2
2024-11-24 23:02:52.507556,TRADE,6008.5,1
2024-11-24 23:02:52.781760,TRADE,6008.25,1
2024-11-24 23:02:52.781772,TRADE,6008.25,1
2024-11-24 23:02:54.424907,TRADE,6008.25,1
2024-11-24 23:02:54.634979,TRADE,6008.25,2
2024-11-24 23:02:54.701590,TRADE,6008.5,2
2024-11-24 23:02:54.871535,TRADE,6008.25,1
2024-11-24 23:02:55.295926,TRADE,6008.25,1
2024-11-24 23:02:55.353955,TRADE,6008.25,2
2024-11-24 23:02:55.355964,TRADE,6008.25,1
2024-11-24 23:02:55.772196,TRADE,6008.25,1
2024-11-24 23:02:56.288710,TRADE,6008.25,1
2024-11-24 23:02:56.625360,TRADE,6008.25,5
2024-11-24 23:02:56.625964,TRADE,6008.25,1
2024-11-24 23:02:57.084583,TRADE,6008.25,1
2024-11-24 23:02:57.084861,TRADE,6008.25,1
2024-11-24 23:02:57.170431,TRADE,6008.25,1
2024-11-24 23:02:57.170972,TRADE,6008.25,1
2024-11-24 23:02:57.171275,TRADE,6008.25,1
2024-11-24 23:02:57.584096,TRADE,6008.25,1
2024-11-24 23:02:57.584096,TRADE,6008.5,8
2024-11-24 23:02:57.584506,TRADE,6008.5,1
2024-11-24 23:02:57.640549,TRADE,6008.25,1
2024-11-24 23:02:57.640916,TRADE,6008.25,4
2024-11-24 23:02:57.641474,TRADE,6008.25,2
2024-11-24 23:02:57.642026,TRADE,6008.25,1
2024-11-24 23:02:57.881105,TRADE,6008.25,1
2024-11-24 23:02:57.881424,TRADE,6008.25,1
2024-11-24 23:02:58.042884,TRADE,6008.0,1
2024-11-24 23:02:58.042895,TRADE,6008.0,1
2024-11-24 23:02:58.295195,TRADE,6008.25,1
2024-11-24 23:02:58.390988,TRADE,6008.0,1
2024-11-24 23:02:58.532142,TRADE,6008.25,1
2024-11-24 23:02:58.821753,TRADE,6008.0,1
2024-11-24 23:02:59.844237,TRADE,6008.25,1
2024-11-24 23:02:59.844672,TRADE,6008.25,1
2024-11-24 23:03:01.350724,TRADE,6008.25,1
2024-11-24 23:03:03.687441,TRADE,6008.25,2
2024-11-24 23:03:03.876073,TRADE,6008.25,2
2024-11-24 23:03:03.876648,TRADE,6008.25,1
2024-11-24 23:03:04.452444,TRADE,6008.5,1
2024-11-24 23:03:05.703840,TRADE,6008.0,1
2024-11-24 23:03:06.440570,TRADE,6008.25,4
2024-11-24 23:03:06.440570,TRADE,6008.5,8
2024-11-24 23:03:06.440570,TRADE,6008.75,8
2024-11-24 23:03:06.440588,TRADE,6008.75,1
2024-11-24 23:03:06.442110,TRADE,6008.25,1
2024-11-24 23:03:07.007312,TRADE,6008.25,2
2024-11-24 23:03:07.007601,TRADE,6008.25,1
2024-11-24 23:03:07.007717,TRADE,6008.25,1
2024-11-24 23:03:07.008005,TRADE,6008.25,1
2024-11-24 23:03:07.187601,TRADE,6008.25,5
2024-11-24 23:03:07.187601,TRADE,6008.0,3
2024-11-24 23:03:07.317145,TRADE,6008.5,7
2024-11-24 23:03:07.317445,TRADE,6008.5,1
2024-11-24 23:03:07.317684,TRADE,6008.5,3
2024-11-24 23:03:07.317811,TRADE,6008.5,3
2024-11-24 23:03:07.318002,TRADE,6008.5,3
2024-11-24 23:03:07.318183,TRADE,6008.5,2
2024-11-24 23:03:07.318376,TRADE,6008.5,2
2024-11-24 23:03:07.318467,TRADE,6008.5,2
2024-11-24 23:03:07.777507,TRADE,6008.75,3
2024-11-24 23:03:08.533537,TRADE,6008.75,1
2024-11-24 23:03:09.125860,TRADE,6008.75,1
2024-11-24 23:03:09.126216,TRADE,6008.75,2
2024-11-24 23:03:11.239311,TRADE,6008.75,1
2024-11-24 23:03:11.239311,TRADE,6009.0,19
2024-11-24 23:03:11.246344,TRADE,6008.75,1
2024-11-24 23:03:11.246406,TRADE,6008.75,1
2024-11-24 23:03:11.395352,TRADE,6008.75,1
2024-11-24 23:03:11.395686,TRADE,6008.75,1
2024-11-24 23:03:12.125519,TRADE,6008.5,5
2024-11-24 23:03:12.759338,TRADE,6008.5,3
2024-11-24 23:03:12.759590,TRADE,6008.5,1
2024-11-24 23:03:13.010045,TRADE,6008.5,1
2024-11-24 23:03:14.785115,TRADE,6008.5,1
2024-11-24 23:03:14.999480,TRADE,6009.0,50
2024-11-24 23:03:15.034472,TRADE,6008.5,8
2024-11-24 23:03:15.107935,TRADE,6008.75,1
2024-11-24 23:03:15.108156,TRADE,6008.75,1
2024-11-24 23:03:15.497231,TRADE,6008.75,2
2024-11-24 23:03:15.551617,TRADE,6008.75,1
2024-11-24 23:03:15.956629,TRADE,6008.5,5
2024-11-24 23:03:16.622443,TRADE,6008.75,2
2024-11-24 23:03:17.510194,TRADE,6008.5,2
2024-11-24 23:03:18.252319,TRADE,6008.75,8
2024-11-24 23:03:18.252319,TRADE,6009.0,12
2024-11-24 23:03:19.410318,TRADE,6008.75,2
2024-11-24 23:03:19.410988,TRADE,6008.75,1
2024-11-24 23:03:19.412594,TRADE,6008.75,2
2024-11-24 23:03:19.412715,TRADE,6008.75,3
2024-11-24 23:03:19.413238,TRADE,6008.5,3
2024-11-24 23:03:19.620691,TRADE,6008.75,2
2024-11-24 23:03:19.620691,TRADE,6009.0,28
2024-11-24 23:03:19.621171,TRADE,6008.75,1
2024-11-24 23:03:19.621456,TRADE,6008.75,1
2024-11-24 23:03:19.621952,TRADE,6008.75,1
2024-11-24 23:03:19.622242,TRADE,6008.75,1
2024-11-24 23:03:19.622701,TRADE,6008.75,2
2024-11-24 23:03:19.623275,TRADE,6008.5,3
2024-11-24 23:03:19.637731,TRADE,6008.5,1
2024-11-24 23:03:19.669064,TRADE,6008.75,1
2024-11-24 23:03:19.669356,TRADE,6008.75,1
2024-11-24 23:03:20.585076,TRADE,6008.75,1
2024-11-24 23:03:20.585486,TRADE,6008.75,1
2024-11-24 23:03:21.066389,TRADE,6008.5,1
2024-11-24 23:03:21.885986,TRADE,6009.0,2
2024-11-24 23:03:22.000787,TRADE,6008.5,3
2024-11-24 23:03:22.885477,TRADE,6008.5,1
2024-11-24 23:03:24.762115,TRADE,6008.75,2
2024-11-24 23:03:24.762115,TRADE,6009.0,18
2024-11-24 23:03:24.762799,TRADE,6008.75,1
2024-11-24 23:03:24.762964,TRADE,6009.0,1
2024-11-24 23:03:25.710622,TRADE,6008.75,2
2024-11-24 23:03:26.553879,TRADE,6009.0,1
2024-11-24 23:03:26.554247,TRADE,6008.75,2
2024-11-24 23:03:26.819879,TRADE,6008.75,1
2024-11-24 23:03:26.892706,TRADE,6008.75,1
2024-11-24 23:03:26.893233,TRADE,6008.75,1
2024-11-24 23:03:26.917259,TRADE,6008.75,2
2024-11-24 23:03:26.917376,TRADE,6008.75,1
2024-11-24 23:03:26.917725,TRADE,6008.75,1
2024-11-24 23:03:26.917978,TRADE,6008.75,2
2024-11-24 23:03:26.946726,TRADE,6009.0,1
2024-11-24 23:03:26.947352,TRADE,6008.75,3
2024-11-24 23:03:27.400697,TRADE,6008.75,2
2024-11-24 23:03:27.812019,TRADE,6008.75,2
2024-11-24 23:03:27.812688,TRADE,6008.75,1
2024-11-24 23:03:27.813043,TRADE,6008.75,1
2024-11-24 23:03:27.813426,TRADE,6008.75,1
2024-11-24 23:03:28.125073,TRADE,6008.75,1
2024-11-24 23:03:28.237021,TRADE,6008.75,1
2024-11-24 23:03:28.795937,TRADE,6008.75,1
2024-11-24 23:03:29.292545,TRADE,6008.5,1
2024-11-24 23:03:29.292554,TRADE,6008.5,3
2024-11-24 23:03:29.599736,TRADE,6008.5,1
2024-11-24 23:03:29.862946,TRADE,6008.5,19
2024-11-24 23:03:29.863945,TRADE,6008.5,1
2024-11-24 23:03:29.864411,TRADE,6008.5,2
2024-11-24 23:03:29.864576,TRADE,6008.5,2
2024-11-24 23:03:29.864682,TRADE,6008.5,2
2024-11-24 23:03:29.864810,TRADE,6008.5,2
2024-11-24 23:03:29.865684,TRADE,6008.5,2
2024-11-24 23:03:29.866460,TRADE,6008.5,5
2024-11-24 23:03:29.867169,TRADE,6008.5,2
2024-11-24 23:03:29.867742,TRADE,6008.5,13
2024-11-24 23:03:29.867943,TRADE,6008.75,2
2024-11-24 23:03:29.868199,TRADE,6008.75,2
2024-11-24 23:03:29.869414,TRADE,6008.75,1
2024-11-24 23:03:29.870160,TRADE,6008.75,1
2024-11-24 23:03:29.870274,TRADE,6008.75,2
2024-11-24 23:03:29.870374,TRADE,6008.75,1
2024-11-24 23:03:29.870953,TRADE,6008.75,2
2024-11-24 23:03:29.874290,TRADE,6008.75,1
2024-11-24 23:03:29.874384,TRADE,6008.75,1
2024-11-24 23:03:29.874553,TRADE,6008.75,1
2024-11-24 23:03:29.874894,TRADE,6008.75,2
2024-11-24 23:03:29.875177,TRADE,6008.75,1
2024-11-24 23:03:29.875282,TRADE,6008.75,2
2024-11-24 23:03:30.158911,TRADE,6008.75,2
2024-11-24 23:03:30.469258,TRADE,6008.75,1
2024-11-24 23:03:30.469538,TRADE,6008.75,1
2024-11-24 23:03:30.470021,TRADE,6008.75,1
2024-11-24 23:03:30.516694,TRADE,6008.75,1
2024-11-24 23:03:30.747913,TRADE,6008.75,2
2024-11-24 23:03:30.748221,TRADE,6008.75,2
2024-11-24 23:03:31.327841,TRADE,6009.0,1
2024-11-24 23:03:31.591783,TRADE,6009.0,20
2024-11-24 23:03:31.871507,TRADE,6009.0,2
2024-11-24 23:03:32.224168,TRADE,6009.0,50
2024-11-24 23:03:32.224556,TRADE,6009.0,1
2024-11-24 23:03:32.224859,TRADE,6009.0,1
2024-11-24 23:03:32.439091,TRADE,6008.75,11
2024-11-24 23:03:32.459637,TRADE,6008.75,5
2024-11-24 23:03:32.523468,TRADE,6008.5,1
2024-11-24 23:03:33.082952,TRADE,6008.75,5
2024-11-24 23:03:33.083058,TRADE,6008.75,2
2024-11-24 23:03:33.083278,TRADE,6008.75,1
2024-11-24 23:03:39.891994,TRADE,6008.75,30
2024-11-24 23:03:40.007126,TRADE,6008.75,1
2024-11-24 23:03:40.007492,TRADE,6008.75,2
2024-11-24 23:03:40.008010,TRADE,6008.75,4
2024-11-24 23:03:40.008509,TRADE,6008.75,2
2024-11-24 23:03:40.087261,TRADE,6008.75,1
2024-11-24 23:03:40.684738,TRADE,6009.0,5
2024-11-24 23:03:41.631892,TRADE,6009.0,13
2024-11-24 23:03:41.632185,TRADE,6009.0,1
2024-11-24 23:03:41.700037,TRADE,6009.0,2
2024-11-24 23:03:41.700376,TRADE,6009.0,1
2024-11-24 23:03:41.922362,TRADE,6009.0,1
2024-11-24 23:03:42.544583,TRADE,6009.0,20
2024-11-24 23:03:44.343298,TRADE,6008.75,2
2024-11-24 23:03:45.415860,TRADE,6008.75,1
2024-11-24 23:03:45.873445,TRADE,6008.75,2
2024-11-24 23:03:50.930067,TRADE,6009.0,2
2024-11-24 23:03:52.820437,TRADE,6009.0,10
2024-11-24 23:03:52.820901,TRADE,6009.0,3
2024-11-24 23:03:52.978219,TRADE,6009.0,10
2024-11-24 23:03:52.978532,TRADE,6009.0,1
2024-11-24 23:03:53.504571,TRADE,6009.0,1
2024-11-24 23:03:53.835976,TRADE,6009.0,1
2024-11-24 23:03:53.978605,TRADE,6009.0,20
2024-11-24 23:03:53.978929,TRADE,6009.0,1
2024-11-24 23:03:54.354180,TRADE,6009.0,2
2024-11-24 23:03:54.354301,TRADE,6009.0,2
2024-11-24 23:03:54.354397,TRADE,6009.0,2
2024-11-24 23:03:54.354507,TRADE,6009.0,2
2024-11-24 23:03:54.367744,TRADE,6008.75,30
2024-11-24 23:03:54.368152,TRADE,6008.5,3
2024-11-24 23:03:54.368362,TRADE,6008.5,2
2024-11-24 23:03:54.368517,TRADE,6008.5,2
2024-11-24 23:03:54.388160,TRADE,6008.75,7
2024-11-24 23:03:54.415708,TRADE,6008.75,5
2024-11-24 23:03:55.062816,TRADE,6008.75,2
2024-11-24 23:03:57.104805,TRADE,6008.75,1
2024-11-24 23:03:58.015861,TRADE,6008.75,1
2024-11-24 23:03:58.147731,TRADE,6008.75,10
2024-11-24 23:03:58.148127,TRADE,6008.75,1
2024-11-24 23:04:00.797753,TRADE,6008.75,3
2024-11-24 23:04:00.797991,TRADE,6008.75,2
2024-11-24 23:04:00.933683,TRADE,6008.75,19
2024-11-24 23:04:00.933948,TRADE,6008.75,3
2024-11-24 23:04:00.998570,TRADE,6008.75,2
2024-11-24 23:04:01.110407,TRADE,6008.75,5
2024-11-24 23:04:01.110692,TRADE,6008.75,1
2024-11-24 23:04:01.110825,TRADE,6008.75,1
2024-11-24 23:04:01.111225,TRADE,6008.75,5
2024-11-24 23:04:01.389554,TRADE,6008.75,2
2024-11-24 23:04:01.984296,TRADE,6008.75,1
2024-11-24 23:04:05.392341,TRADE,6008.5,1
2024-11-24 23:04:07.710975,TRADE,6008.75,1
2024-11-24 23:04:07.711908,TRADE,6008.75,2
2024-11-24 23:04:07.984554,TRADE,6008.5,1
2024-11-24 23:04:08.172575,TRADE,6008.75,1
2024-11-24 23:04:08.173002,TRADE,6008.75,1
2024-11-24 23:04:08.173169,TRADE,6008.75,2
2024-11-24 23:04:08.173407,TRADE,6008.75,1
2024-11-24 23:04:08.427290,TRADE,6008.5,2
2024-11-24 23:04:08.427503,TRADE,6008.5,2
2024-11-24 23:04:08.825106,TRADE,6009.0,7
2024-11-24 23:04:08.862223,TRADE,6008.75,3
2024-11-24 23:04:08.862458,TRADE,6008.75,4
2024-11-24 23:04:08.864872,TRADE,6008.75,1
2024-11-24 23:04:08.865129,TRADE,6008.75,1
2024-11-24 23:04:09.057308,TRADE,6008.75,1
2024-11-24 23:04:09.057549,TRADE,6008.75,1
2024-11-24 23:04:10.053188,TRADE,6008.75,1
2024-11-24 23:04:10.053265,TRADE,6008.75,1
2024-11-24 23:04:10.053460,TRADE,6008.75,1
2024-11-24 23:04:10.053571,TRADE,6008.75,2
2024-11-24 23:04:10.053694,TRADE,6008.75,1
2024-11-24 23:04:10.053818,TRADE,6008.75,1
2024-11-24 23:04:10.054082,TRADE,6008.75,1
2024-11-24 23:04:10.299014,TRADE,6008.75,2
2024-11-24 23:04:10.820693,TRADE,6008.75,3
2024-11-24 23:04:10.820946,TRADE,6008.75,2
2024-11-24 23:04:10.821524,TRADE,6008.75,1
2024-11-24 23:04:10.821806,TRADE,6008.75,1
2024-11-24 23:04:10.822761,TRADE,6008.75,1
2024-11-24 23:04:10.924392,TRADE,6008.75,2
2024-11-24 23:04:10.924647,TRADE,6008.75,1
2024-11-24 23:04:11.665918,TRADE,6009.0,12
2024-11-24 23:04:11.666297,TRADE,6009.0,8
2024-11-24 23:04:11.841790,TRADE,6009.0,2
2024-11-24 23:04:12.431824,TRADE,6009.0,5
2024-11-24 23:04:12.528881,TRADE,6009.25,20
2024-11-24 23:04:12.528897,TRADE,6009.25,3
2024-11-24 23:04:12.528897,TRADE,6009.25,10
2024-11-24 23:04:12.528897,TRADE,6009.25,1
2024-11-24 23:04:13.096659,TRADE,6009.25,2
2024-11-24 23:04:13.242021,TRADE,6009.25,1
2024-11-24 23:04:13.286059,TRADE,6009.25,2
2024-11-24 23:04:15.349124,TRADE,6009.25,1
2024-11-24 23:04:16.709061,TRADE,6009.25,20
2024-11-24 23:04:16.709355,TRADE,6009.25,1
2024-11-24 23:04:16.709499,TRADE,6009.25,1
2024-11-24 23:04:16.709572,TRADE,6009.25,1
2024-11-24 23:04:16.709683,TRADE,6009.25,1
2024-11-24 23:04:16.711447,TRADE,6009.25,1
2024-11-24 23:04:19.230249,TRADE,6009.25,1
2024-11-24 23:04:19.937833,TRADE,6009.25,10
2024-11-24 23:04:19.938129,TRADE,6009.25,1
2024-11-24 23:04:19.939086,TRADE,6009.25,1
2024-11-24 23:04:20.122824,TRADE,6009.25,1
2024-11-24 23:04:20.223442,TRADE,6009.25,1
2024-11-24 23:04:20.234285,TRADE,6009.25,1
2024-11-24 23:04:20.655083,TRADE,6009.25,2
2024-11-24 23:04:20.959677,TRADE,6009.25,2
2024-11-24 23:04:21.941035,TRADE,6009.0,1
2024-11-24 23:04:22.249967,TRADE,6009.25,8
2024-11-24 23:04:22.250234,TRADE,6009.25,1
2024-11-24 23:04:23.798756,TRADE,6009.0,2
2024-11-24 23:04:24.524235,TRADE,6009.25,1
2024-11-24 23:04:25.058098,TRADE,6009.25,20
2024-11-24 23:04:25.058507,TRADE,6009.25,1
2024-11-24 23:04:25.058591,TRADE,6009.25,1
2024-11-24 23:04:25.060021,TRADE,6009.25,6
2024-11-24 23:04:25.958843,TRADE,6009.25,6
2024-11-24 23:04:26.315006,TRADE,6009.25,1
2024-11-24 23:04:27.504228,TRADE,6009.25,25
2024-11-24 23:04:27.504690,TRADE,6009.25,1
2024-11-24 23:04:27.504924,TRADE,6009.25,2
2024-11-24 23:04:27.735707,TRADE,6009.0,1
2024-11-24 23:04:28.133292,TRADE,6009.25,50
2024-11-24 23:04:28.133636,TRADE,6009.25,1
2024-11-24 23:04:28.133926,TRADE,6009.25,2
2024-11-24 23:04:28.134035,TRADE,6009.25,1
2024-11-24 23:04:28.527609,TRADE,6009.25,6
2024-11-24 23:04:30.061163,TRADE,6009.25,6
2024-11-24 23:04:30.345746,TRADE,6009.0,1
2024-11-24 23:04:30.476753,TRADE,6009.0,3
2024-11-24 23:04:30.929754,TRADE,6009.25,2
2024-11-24 23:04:31.207881,TRADE,6009.25,4
2024-11-24 23:04:31.208145,TRADE,6009.25,1
2024-11-24 23:04:31.208829,TRADE,6009.25,4
2024-11-24 23:04:31.209076,TRADE,6009.25,2
2024-11-24 23:04:31.851958,TRADE,6009.0,1
2024-11-24 23:04:32.255536,TRADE,6009.25,1
2024-11-24 23:04:32.255619,TRADE,6009.25,2
2024-11-24 23:04:32.255764,TRADE,6009.25,5
2024-11-24 23:04:32.255833,TRADE,6009.25,1
2024-11-24 23:04:32.320776,TRADE,6009.25,1
2024-11-24 23:04:32.669217,TRADE,6009.25,4
2024-11-24 23:04:33.382703,TRADE,6009.0,5
2024-11-24 23:04:35.114735,TRADE,6009.25,1
2024-11-24 23:04:35.114827,TRADE,6009.25,4
2024-11-24 23:04:35.114936,TRADE,6009.25,1
2024-11-24 23:04:35.115031,TRADE,6009.25,1
2024-11-24 23:04:35.115196,TRADE,6009.25,6
2024-11-24 23:04:35.115324,TRADE,6009.25,1
2024-11-24 23:04:35.115423,TRADE,6009.25,2
2024-11-24 23:04:35.115548,TRADE,6009.25,1
2024-11-24 23:04:35.356580,TRADE,6009.25,1
2024-11-24 23:04:35.538882,TRADE,6009.25,6
2024-11-24 23:04:35.539161,TRADE,6009.25,2
2024-11-24 23:04:35.922255,TRADE,6009.25,2
2024-11-24 23:04:35.922839,TRADE,6009.25,4
2024-11-24 23:04:36.796152,TRADE,6009.5,1
2024-11-24 23:04:36.796165,TRADE,6009.5,1
2024-11-24 23:04:36.796165,TRADE,6009.5,1
2024-11-24 23:04:38.012665,TRADE,6009.5,3
2024-11-24 23:04:38.234135,TRADE,6009.5,1
2024-11-24 23:04:40.823555,TRADE,6009.5,1
2024-11-24 23:04:41.318418,TRADE,6009.5,7
2024-11-24 23:04:41.388322,TRADE,6009.5,2
2024-11-24 23:04:41.395877,TRADE,6009.5,1
2024-11-24 23:04:43.445223,TRADE,6009.5,1
2024-11-24 23:04:44.181582,TRADE,6009.25,2
2024-11-24 23:04:44.181594,TRADE,6009.25,1
2024-11-24 23:04:44.774044,TRADE,6009.5,1
2024-11-24 23:04:45.001620,TRADE,6009.5,1
2024-11-24 23:04:45.201132,TRADE,6009.5,1
2024-11-24 23:04:47.435855,TRADE,6009.25,1
2024-11-24 23:04:49.524002,TRADE,6009.5,10
2024-11-24 23:04:50.036553,TRADE,6009.5,1
2024-11-24 23:04:50.562075,TRADE,6009.25,1
2024-11-24 23:04:50.934352,TRADE,6009.5,2
2024-11-24 23:04:51.056476,TRADE,6009.5,2
2024-11-24 23:04:51.958522,TRADE,6009.5,4
2024-11-24 23:04:52.595498,TRADE,6009.5,1
2024-11-24 23:04:53.454981,TRADE,6009.25,1
2024-11-24 23:04:53.684787,TRADE,6009.5,1
2024-11-24 23:04:55.410341,TRADE,6009.5,2
2024-11-24 23:04:57.014321,TRADE,6009.25,1
2024-11-24 23:04:58.006378,TRADE,6009.5,8
2024-11-24 23:04:59.343593,TRADE,6009.5,12
2024-11-24 23:04:59.343939,TRADE,6009.5,1
2024-11-24 23:04:59.866683,TRADE,6009.25,5
2024-11-24 23:05:00.096838,TRADE,6009.5,1
2024-11-24 23:05:00.570102,TRADE,6009.25,1
2024-11-24 23:05:00.813721,TRADE,6009.25,2
2024-11-24 23:05:00.934373,TRADE,6009.5,2
2024-11-24 23:05:02.241862,TRADE,6009.25,2
2024-11-24 23:05:02.258227,TRADE,6009.5,1
2024-11-24 23:05:03.486734,TRADE,6009.5,5
2024-11-24 23:05:04.202652,TRADE,6009.5,1
2024-11-24 23:05:04.366533,TRADE,6009.5,1
2024-11-24 23:05:05.856365,TRADE,6009.5,1
2024-11-24 23:05:06.082380,TRADE,6009.25,2
2024-11-24 23:05:06.086110,TRADE,6009.5,1
2024-11-24 23:05:06.496338,TRADE,6009.5,1
2024-11-24 23:05:06.658863,TRADE,6009.5,2
2024-11-24 23:05:06.874858,TRADE,6009.5,100
2024-11-24 23:05:06.876262,TRADE,6009.5,2
2024-11-24 23:05:06.987500,TRADE,6009.5,1
2024-11-24 23:05:07.785890,TRADE,6009.5,1
2024-11-24 23:05:08.632539,TRADE,6009.5,10
2024-11-24 23:05:09.953076,TRADE,6009.25,1
2024-11-24 23:05:10.777711,TRADE,6009.5,1
2024-11-24 23:05:10.939091,TRADE,6009.5,2
2024-11-24 23:05:10.966829,TRADE,6009.5,2
2024-11-24 23:05:12.459735,TRADE,6009.5,1
2024-11-24 23:05:13.795323,TRADE,6009.5,1
2024-11-24 23:05:14.167295,TRADE,6009.5,5
2024-11-24 23:05:15.201574,TRADE,6009.5,1
2024-11-24 23:05:18.023918,TRADE,6009.5,4
2024-11-24 23:05:18.276138,TRADE,6009.5,1
2024-11-24 23:05:18.645353,TRADE,6009.5,1
2024-11-24 23:05:19.450656,TRADE,6009.25,1
2024-11-24 23:05:20.545408,TRADE,6009.5,1
2024-11-24 23:05:20.937046,TRADE,6009.5,2
2024-11-24 23:05:20.955987,TRADE,6009.25,1
2024-11-24 23:05:21.163126,TRADE,6009.5,30
2024-11-24 23:05:21.163429,TRADE,6009.5,1
2024-11-24 23:05:21.163578,TRADE,6009.25,3
2024-11-24 23:05:21.438222,TRADE,6009.5,2
2024-11-24 23:05:21.438522,TRADE,6009.5,2
2024-11-24 23:05:21.438790,TRADE,6009.5,2
2024-11-24 23:05:21.479818,TRADE,6009.25,2
2024-11-24 23:05:21.686607,TRADE,6009.5,1
2024-11-24 23:05:21.813039,TRADE,6009.5,15
2024-11-24 23:05:22.248604,TRADE,6009.5,1
2024-11-24 23:05:23.242183,TRADE,6009.5,1
2024-11-24 23:05:23.375315,TRADE,6009.5,5
2024-11-24 23:05:23.375730,TRADE,6009.5,9
2024-11-24 23:05:23.376124,TRADE,6009.5,2
2024-11-24 23:05:23.376245,TRADE,6009.5,1
2024-11-24 23:05:23.376516,TRADE,6009.5,1
2024-11-24 23:05:23.376620,TRADE,6009.5,1
2024-11-24 23:05:23.386821,TRADE,6009.5,1
2024-11-24 23:05:23.387089,TRADE,6009.5,3
2024-11-24 23:05:23.564888,TRADE,6009.75,100
2024-11-24 23:05:23.564900,TRADE,6009.75,1
2024-11-24 23:05:23.564900,TRADE,6009.75,1
2024-11-24 23:05:23.564900,TRADE,6009.75,1
2024-11-24 23:05:23.565156,TRADE,6009.75,9
2024-11-24 23:05:23.565248,TRADE,6009.75,2
2024-11-24 23:05:23.565357,TRADE,6009.75,14
2024-11-24 23:05:23.694940,TRADE,6009.5,5
2024-11-24 23:05:23.695272,TRADE,6009.5,2
2024-11-24 23:05:24.117984,TRADE,6009.5,1
2024-11-24 23:05:24.180622,TRADE,6009.75,2
2024-11-24 23:05:24.499826,TRADE,6009.75,8
2024-11-24 23:05:24.712429,TRADE,6009.75,5
2024-11-24 23:05:24.992116,TRADE,6009.5,1
2024-11-24 23:05:25.221984,TRADE,6009.75,4
2024-11-24 23:05:25.987315,TRADE,6009.5,1
2024-11-24 23:05:26.181681,TRADE,6009.75,8
2024-11-24 23:05:27.152975,TRADE,6009.75,1
2024-11-24 23:05:27.398774,TRADE,6009.75,1
2024-11-24 23:05:27.500311,TRADE,6009.75,2
2024-11-24 23:05:28.481301,TRADE,6009.75,1
2024-11-24 23:05:28.569790,TRADE,6009.75,1
2024-11-24 23:05:28.688857,TRADE,6009.5,5
2024-11-24 23:05:28.786614,TRADE,6009.75,2
2024-11-24 23:05:28.885346,TRADE,6009.75,1
2024-11-24 23:05:29.926499,TRADE,6009.75,6
2024-11-24 23:05:30.275212,TRADE,6009.75,1
2024-11-24 23:05:30.363427,TRADE,6009.5,1
2024-11-24 23:05:30.942042,TRADE,6009.75,2
2024-11-24 23:05:31.571602,TRADE,6009.75,1
2024-11-24 23:05:34.086144,TRADE,6009.75,2
2024-11-24 23:05:34.086615,TRADE,6009.75,3
2024-11-24 23:05:35.190387,TRADE,6009.75,1
2024-11-24 23:05:36.056709,TRADE,6009.75,1
2024-11-24 23:05:37.525738,TRADE,6009.75,1
2024-11-24 23:05:38.621029,TRADE,6009.75,1
2024-11-24 23:05:39.229385,TRADE,6009.5,10
2024-11-24 23:05:41.280566,TRADE,6009.5,1
2024-11-24 23:05:44.788339,TRADE,6009.5,1
2024-11-24 23:05:44.991932,TRADE,6009.5,5
2024-11-24 23:05:45.083138,TRADE,6009.75,2
2024-11-24 23:05:45.546365,TRADE,6009.5,1
2024-11-24 23:05:46.116946,TRADE,6009.75,69
2024-11-24 23:05:46.117430,TRADE,6009.75,2
2024-11-24 23:05:46.199065,TRADE,6009.5,1
2024-11-24 23:05:46.199370,TRADE,6009.5,2
2024-11-24 23:05:46.199689,TRADE,6009.5,2
2024-11-24 23:05:46.200013,TRADE,6009.5,2
2024-11-24 23:05:46.200383,TRADE,6009.5,4
2024-11-24 23:05:46.200644,TRADE,6009.5,1
2024-11-24 23:05:46.347202,TRADE,6009.75,4
2024-11-24 23:05:47.330337,TRADE,6009.75,4
2024-11-24 23:05:47.560635,TRADE,6009.75,1
2024-11-24 23:05:48.461053,TRADE,6009.75,3
2024-11-24 23:05:49.551124,TRADE,6009.75,5
2024-11-24 23:05:49.785147,TRADE,6009.75,1
2024-11-24 23:05:50.936685,TRADE,6009.75,2
2024-11-24 23:05:52.962371,TRADE,6009.75,2
2024-11-24 23:05:53.782532,TRADE,6009.75,1
2024-11-24 23:05:53.938037,TRADE,6009.75,1
2024-11-24 23:05:54.674937,TRADE,6009.75,2
2024-11-24 23:05:55.405394,TRADE,6009.5,1
2024-11-24 23:05:55.975241,TRADE,6009.75,43
2024-11-24 23:05:55.975664,TRADE,6009.75,6
2024-11-24 23:05:55.975916,TRADE,6009.75,6
2024-11-24 23:05:56.086288,TRADE,6009.75,1
2024-11-24 23:05:56.730578,TRADE,6009.5,1
2024-11-24 23:05:56.753955,TRADE,6009.75,1
2024-11-24 23:05:57.055861,TRADE,6009.75,1
2024-11-24 23:05:57.617751,TRADE,6009.75,16
2024-11-24 23:05:59.748081,TRADE,6009.75,13
2024-11-24 23:05:59.749565,TRADE,6010.0,12
2024-11-24 23:05:59.750142,TRADE,6010.0,1
2024-11-24 23:05:59.750142,TRADE,6010.0,1
2024-11-24 23:05:59.750142,TRADE,6010.0,2
2024-11-24 23:05:59.750142,TRADE,6010.0,3
2024-11-24 23:05:59.750142,TRADE,6010.0,1
2024-11-24 23:05:59.750142,TRADE,6009.75,1
2024-11-24 23:05:59.942447,TRADE,6010.0,5
2024-11-24 23:05:59.954373,TRADE,6010.0,1
2024-11-24 23:06:01.695650,TRADE,6010.0,9
2024-11-24 23:06:02.644726,TRADE,6009.75,5
2024-11-24 23:06:02.645269,TRADE,6009.75,22
2024-11-24 23:06:03.217932,TRADE,6010.0,1
2024-11-24 23:06:05.519516,TRADE,6010.0,1
2024-11-24 23:06:06.153197,TRADE,6009.75,1
2024-11-24 23:06:06.760320,TRADE,6010.0,1
2024-11-24 23:06:06.760647,TRADE,6009.75,3
2024-11-24 23:06:06.802606,TRADE,6010.0,1
2024-11-24 23:06:06.802911,TRADE,6009.75,1
2024-11-24 23:06:07.112362,TRADE,6009.75,1
2024-11-24 23:06:07.271756,TRADE,6009.75,1
2024-11-24 23:06:09.461238,TRADE,6010.0,1
2024-11-24 23:06:09.949148,TRADE,6009.75,2
2024-11-24 23:06:10.374904,TRADE,6010.0,1
2024-11-24 23:06:10.854718,TRADE,6009.75,10
2024-11-24 23:06:13.069104,TRADE,6009.75,1
2024-11-24 23:06:13.069239,TRADE,6009.75,1
2024-11-24 23:06:14.006015,TRADE,6009.75,1
2024-11-24 23:06:14.558980,TRADE,6009.75,1
2024-11-24 23:06:14.559284,TRADE,6009.75,20
2024-11-24 23:06:18.067369,TRADE,6009.75,1
2024-11-24 23:06:18.067650,TRADE,6009.75,1
2024-11-24 23:06:19.128924,TRADE,6009.5,1
2024-11-24 23:06:20.149742,TRADE,6009.5,1
2024-11-24 23:06:20.380229,TRADE,6009.75,1
2024-11-24 23:06:20.577903,TRADE,6009.5,1
2024-11-24 23:06:20.924423,TRADE,6009.75,2
2024-11-24 23:06:28.492777,TRADE,6009.75,2
2024-11-24 23:06:30.932412,TRADE,6009.75,2
2024-11-24 23:06:33.079426,TRADE,6009.75,1
2024-11-24 23:06:33.311171,TRADE,6009.75,1
2024-11-24 23:06:33.487833,TRADE,6009.75,1
2024-11-24 23:06:33.487833,TRADE,6010.0,12
2024-11-24 23:06:33.488301,TRADE,6009.75,1
2024-11-24 23:06:33.488434,TRADE,6009.75,3
2024-11-24 23:06:33.488589,TRADE,6009.75,1
2024-11-24 23:06:35.417966,TRADE,6009.5,30
2024-11-24 23:06:36.337727,TRADE,6009.5,3
2024-11-24 23:06:36.339112,TRADE,6009.5,8
2024-11-24 23:06:36.339547,TRADE,6009.5,3
2024-11-24 23:06:36.339597,TRADE,6009.5,2
2024-11-24 23:06:36.917070,TRADE,6009.5,1
2024-11-24 23:06:37.108697,TRADE,6009.25,1
2024-11-24 23:06:37.108709,TRADE,6009.25,1
2024-11-24 23:06:37.698406,TRADE,6009.25,2
2024-11-24 23:06:40.638692,TRADE,6009.25,1
2024-11-24 23:06:40.939366,TRADE,6009.5,2
2024-11-24 23:06:42.019924,TRADE,6009.25,7
2024-11-24 23:06:42.044102,TRADE,6009.5,1
2024-11-24 23:06:43.016408,TRADE,6009.25,1
2024-11-24 23:06:45.358401,TRADE,6009.5,1
2024-11-24 23:06:45.817057,TRADE,6009.5,1
2024-11-24 23:06:48.480224,TRADE,6009.5,1
2024-11-24 23:06:50.196242,TRADE,6009.25,1
2024-11-24 23:06:50.197653,TRADE,6009.25,2
2024-11-24 23:06:50.197997,TRADE,6009.25,7
2024-11-24 23:06:50.198378,TRADE,6009.25,1
2024-11-24 23:06:50.889701,TRADE,6009.25,1
2024-11-24 23:06:50.934678,TRADE,6009.25,2
2024-11-24 23:06:51.061390,TRADE,6009.25,1
2024-11-24 23:06:51.062084,TRADE,6009.25,1
2024-11-24 23:06:51.062610,TRADE,6009.25,1
2024-11-24 23:06:51.496874,TRADE,6009.0,1
2024-11-24 23:06:52.183624,TRADE,6009.0,5
2024-11-24 23:06:52.403038,TRADE,6009.25,1
2024-11-24 23:06:52.403224,TRADE,6009.25,4
2024-11-24 23:06:52.804533,TRADE,6009.25,1
2024-11-24 23:06:54.050373,TRADE,6009.5,9
2024-11-24 23:06:54.050373,TRADE,6009.75,23
2024-11-24 23:06:54.050841,TRADE,6010.0,129
2024-11-24 23:06:54.051115,TRADE,6010.0,127
2024-11-24 23:06:54.052328,TRADE,6010.25,6
2024-11-24 23:06:54.052346,TRADE,6010.25,4
2024-11-24 23:06:54.052346,TRADE,6010.25,2
2024-11-24 23:06:54.052346,TRADE,6010.25,1
2024-11-24 23:06:54.052346,TRADE,6010.25,1
2024-11-24 23:06:54.052346,TRADE,6010.25,3
2024-11-24 23:06:54.052346,TRADE,6010.25,1
2024-11-24 23:06:54.052346,TRADE,6010.25,10
2024-11-24 23:06:54.053006,TRADE,6010.0,1
2024-11-24 23:06:54.053264,TRADE,6010.25,2
2024-11-24 23:06:54.053264,TRADE,6010.25,2
2024-11-24 23:06:54.053549,TRADE,6010.25,1
2024-11-24 23:06:54.053835,TRADE,6010.25,4
2024-11-24 23:06:54.058236,TRADE,6010.25,1
2024-11-24 23:06:54.282458,TRADE,6010.0,2
2024-11-24 23:06:54.282754,TRADE,6010.0,1
2024-11-24 23:06:54.282846,TRADE,6010.0,1
2024-11-24 23:06:54.284637,TRADE,6010.0,2
2024-11-24 23:06:54.284964,TRADE,6010.0,5
2024-11-24 23:06:55.477966,TRADE,6010.0,1
2024-11-24 23:06:56.186756,TRADE,6010.25,1
2024-11-24 23:06:56.682651,TRADE,6010.25,3
2024-11-24 23:06:58.186674,TRADE,6010.0,10
2024-11-24 23:06:58.186936,TRADE,6010.0,1
2024-11-24 23:06:58.187744,TRADE,6009.75,1
2024-11-24 23:06:58.188295,TRADE,6009.75,1
2024-11-24 23:06:58.188508,TRADE,6010.0,1
2024-11-24 23:06:58.189723,TRADE,6010.0,1
2024-11-24 23:06:58.415573,TRADE,6010.0,2
2024-11-24 23:07:00.933993,TRADE,6010.25,2
2024-11-24 23:07:01.825371,TRADE,6010.25,2
2024-11-24 23:07:03.404926,TRADE,6010.25,2
2024-11-24 23:07:04.571149,TRADE,6010.0,26
2024-11-24 23:07:04.571149,TRADE,6009.75,12
2024-11-24 23:07:04.572007,TRADE,6009.75,1
2024-11-24 23:07:06.239205,TRADE,6009.5,3
2024-11-24 23:07:06.239218,TRADE,6009.5,1
2024-11-24 23:07:06.239341,TRADE,6009.5,1
2024-11-24 23:07:06.240287,TRADE,6009.25,1
2024-11-24 23:07:06.240422,TRADE,6009.25,2
2024-11-24 23:07:06.255185,TRADE,6009.25,9
2024-11-24 23:07:06.339204,TRADE,6009.25,4
2024-11-24 23:07:06.862211,TRADE,6009.25,2
2024-11-24 23:07:06.864045,TRADE,6009.25,1
2024-11-24 23:07:08.137464,TRADE,6009.25,1
2024-11-24 23:07:10.925611,TRADE,6009.5,2
2024-11-24 23:07:11.369401,TRADE,6009.5,1
2024-11-24 23:07:11.369662,TRADE,6009.5,2
2024-11-24 23:07:11.984992,TRADE,6009.5,3
2024-11-24 23:07:11.985093,TRADE,6009.5,1
2024-11-24 23:07:11.990115,TRADE,6009.5,2
2024-11-24 23:07:11.990389,TRADE,6009.5,2
2024-11-24 23:07:11.990469,TRADE,6009.5,1
2024-11-24 23:07:11.990469,TRADE,6009.5,1
2024-11-24 23:07:11.990645,TRADE,6009.5,3
2024-11-24 23:07:12.201593,TRADE,6009.25,1
2024-11-24 23:07:12.805443,TRADE,6009.25,3
2024-11-24 23:07:12.851317,TRADE,6009.25,3
2024-11-24 23:07:14.483908,TRADE,6009.25,1
2024-11-24 23:07:17.427463,TRADE,6009.5,1
2024-11-24 23:07:17.427717,TRADE,6009.5,1
2024-11-24 23:07:17.951280,TRADE,6009.5,1
2024-11-24 23:07:20.040791,TRADE,6009.5,1
2024-11-24 23:07:20.041885,TRADE,6009.5,1
2024-11-24 23:07:20.449956,TRADE,6009.5,1
2024-11-24 23:07:20.450309,TRADE,6009.5,1
2024-11-24 23:07:20.926137,TRADE,6009.5,2
2024-11-24 23:07:20.926725,TRADE,6009.5,1
2024-11-24 23:07:23.256144,TRADE,6009.75,1
2024-11-24 23:07:23.608537,TRADE,6009.5,1
2024-11-24 23:07:23.657495,TRADE,6009.5,1
2024-11-24 23:07:23.690014,TRADE,6009.5,1
2024-11-24 23:07:24.253792,TRADE,6009.75,1
2024-11-24 23:07:24.255145,TRADE,6009.75,3
2024-11-24 23:07:24.255419,TRADE,6009.75,1
2024-11-24 23:07:24.255690,TRADE,6009.75,2
2024-11-24 23:07:24.974534,TRADE,6009.5,3
2024-11-24 23:07:24.974801,TRADE,6009.5,1
2024-11-24 23:07:26.190703,TRADE,6009.5,4
2024-11-24 23:07:26.190923,TRADE,6009.5,1
2024-11-24 23:07:27.946006,TRADE,6009.25,2
2024-11-24 23:07:27.946360,TRADE,6009.25,2
2024-11-24 23:07:28.759109,TRADE,6009.5,25
2024-11-24 23:07:28.889890,TRADE,6009.5,19
2024-11-24 23:07:30.258512,TRADE,6009.75,1
2024-11-24 23:07:30.489360,TRADE,6009.75,1
2024-11-24 23:07:30.603541,TRADE,6009.75,1
2024-11-24 23:07:30.934185,TRADE,6009.75,2
2024-11-24 23:07:31.416667,TRADE,6009.75,1
2024-11-24 23:07:31.646313,TRADE,6010.0,1
2024-11-24 23:07:32.601743,TRADE,6009.75,1
2024-11-24 23:07:35.656542,TRADE,6010.0,1
2024-11-24 23:07:37.815458,TRADE,6010.0,9
2024-11-24 23:07:37.815458,TRADE,6010.25,1
2024-11-24 23:07:37.816279,TRADE,6010.0,1
2024-11-24 23:07:37.816434,TRADE,6010.0,5
2024-11-24 23:07:37.816658,TRADE,6010.0,1
2024-11-24 23:07:37.816714,TRADE,6010.0,3
2024-11-24 23:07:37.816827,TRADE,6010.0,1
2024-11-24 23:07:37.816908,TRADE,6010.0,1
2024-11-24 23:07:37.927174,TRADE,6010.0,1
2024-11-24 23:07:38.862166,TRADE,6010.0,2
2024-11-24 23:07:38.903400,TRADE,6010.0,1
2024-11-24 23:07:39.092976,TRADE,6010.25,3
2024-11-24 23:07:39.962518,TRADE,6010.25,1
2024-11-24 23:07:40.934252,TRADE,6010.25,2
2024-11-24 23:07:40.934521,TRADE,6010.25,1
2024-11-24 23:07:41.962100,TRADE,6010.0,1
2024-11-24 23:07:41.962320,TRADE,6010.0,1
2024-11-24 23:07:41.962425,TRADE,6010.0,5
2024-11-24 23:07:42.130737,TRADE,6010.25,50
2024-11-24 23:07:42.131025,TRADE,6010.25,1
2024-11-24 23:07:42.131404,TRADE,6010.0,13
2024-11-24 23:07:42.131663,TRADE,6010.0,3
2024-11-24 23:07:42.131846,TRADE,6010.0,1
2024-11-24 23:07:43.617722,TRADE,6010.25,1
2024-11-24 23:07:43.862112,TRADE,6010.0,3
2024-11-24 23:07:44.924217,TRADE,6010.0,1
2024-11-24 23:07:46.002229,TRADE,6010.0,1
2024-11-24 23:07:46.002534,TRADE,6010.0,3
2024-11-24 23:07:49.464443,TRADE,6010.25,1
2024-11-24 23:07:49.770570,TRADE,6010.0,2
2024-11-24 23:07:49.770901,TRADE,6010.0,2
2024-11-24 23:07:49.987864,TRADE,6010.0,1
2024-11-24 23:07:50.218168,TRADE,6010.0,1
2024-11-24 23:07:50.901310,TRADE,6009.75,4
2024-11-24 23:07:52.708885,TRADE,6009.75,1
2024-11-24 23:07:52.730475,TRADE,6009.5,1
2024-11-24 23:07:52.730777,TRADE,6009.5,1
2024-11-24 23:07:52.730906,TRADE,6009.5,1
2024-11-24 23:07:52.940227,TRADE,6009.75,2
2024-11-24 23:07:52.940458,TRADE,6009.75,1
2024-11-24 23:07:52.940575,TRADE,6009.75,1
2024-11-24 23:07:52.940720,TRADE,6009.75,1
2024-11-24 23:07:53.985633,TRADE,6009.75,1
2024-11-24 23:07:55.008835,TRADE,6009.5,1
2024-11-24 23:07:55.721217,TRADE,6009.5,2
2024-11-24 23:07:55.760470,TRADE,6009.5,2
2024-11-24 23:07:57.971956,TRADE,6009.5,4
2024-11-24 23:07:57.971956,TRADE,6009.25,2
2024-11-24 23:07:57.972468,TRADE,6009.5,1
2024-11-24 23:07:57.972577,TRADE,6009.5,1
2024-11-24 23:07:59.798676,TRADE,6009.5,1
2024-11-24 23:08:00.270629,TRADE,6009.5,4
2024-11-24 23:08:00.271044,TRADE,6009.5,1
2024-11-24 23:08:00.297699,TRADE,6009.5,2
2024-11-24 23:08:06.725523,TRADE,6009.5,4
2024-11-24 23:08:09.756446,TRADE,6009.75,6
2024-11-24 23:08:11.503593,TRADE,6010.0,1
2024-11-24 23:08:11.829538,TRADE,6010.0,11
2024-11-24 23:08:11.829538,TRADE,6010.25,6
2024-11-24 23:08:11.829810,TRADE,6010.25,1
2024-11-24 23:08:11.830126,TRADE,6010.0,1
2024-11-24 23:08:11.830276,TRADE,6010.0,1
2024-11-24 23:08:11.830459,TRADE,6010.0,1
2024-11-24 23:08:11.830541,TRADE,6010.0,3
2024-11-24 23:08:11.830643,TRADE,6010.0,2
2024-11-24 23:08:11.830751,TRADE,6010.0,1
2024-11-24 23:08:11.830831,TRADE,6010.0,1
2024-11-24 23:08:11.830936,TRADE,6010.0,1
2024-11-24 23:08:11.831034,TRADE,6010.0,1
2024-11-24 23:08:13.516363,TRADE,6010.0,1
2024-11-24 23:08:13.516675,TRADE,6010.0,2
2024-11-24 23:08:14.262316,TRADE,6010.0,6
2024-11-24 23:08:14.262705,TRADE,6010.0,4
2024-11-24 23:08:14.290317,TRADE,6010.0,1
2024-11-24 23:08:15.122674,TRADE,6010.0,1
2024-11-24 23:08:20.267622,TRADE,6010.25,17
2024-11-24 23:08:20.267961,TRADE,6010.25,1
2024-11-24 23:08:20.420629,TRADE,6010.0,1
2024-11-24 23:08:20.527179,TRADE,6010.0,1
2024-11-24 23:08:21.437571,TRADE,6010.0,1
2024-11-24 23:08:21.639012,TRADE,6010.25,2
2024-11-24 23:08:24.369805,TRADE,6010.25,7
2024-11-24 23:08:24.599545,TRADE,6010.25,1
2024-11-24 23:08:25.282291,TRADE,6010.0,1
2024-11-24 23:08:25.357496,TRADE,6010.25,8
2024-11-24 23:08:25.357952,TRADE,6010.25,1
2024-11-24 23:08:25.873563,TRADE,6010.25,2
2024-11-24 23:08:26.357444,TRADE,6010.25,2
2024-11-24 23:08:27.480170,TRADE,6010.25,1
2024-11-24 23:08:31.525746,TRADE,6010.0,4
2024-11-24 23:08:31.525999,TRADE,6010.0,1
2024-11-24 23:08:31.526096,TRADE,6010.0,1
2024-11-24 23:08:31.526292,TRADE,6010.0,2
2024-11-24 23:08:31.712071,TRADE,6010.0,9
2024-11-24 23:08:31.712339,TRADE,6010.0,3
2024-11-24 23:08:31.713129,TRADE,6010.0,5
2024-11-24 23:08:31.713292,TRADE,6010.0,2
2024-11-24 23:08:31.713423,TRADE,6010.0,1
2024-11-24 23:08:31.751217,TRADE,6010.0,1
2024-11-24 23:08:32.217353,TRADE,6010.25,1
2024-11-24 23:08:32.862209,TRADE,6010.0,2
2024-11-24 23:08:33.161098,TRADE,6010.0,1
2024-11-24 23:08:33.362222,TRADE,6010.25,1
2024-11-24 23:08:33.391935,TRADE,6010.0,2
2024-11-24 23:08:33.413075,TRADE,6010.0,2
2024-11-24 23:08:34.958576,TRADE,6010.0,1
2024-11-24 23:08:35.131683,TRADE,6010.0,1
2024-11-24 23:08:41.523997,TRADE,6010.25,9
2024-11-24 23:08:41.525559,TRADE,6010.25,1
2024-11-24 23:08:42.026697,TRADE,6010.25,30
2024-11-24 23:08:42.027038,TRADE,6010.25,1
2024-11-24 23:08:42.027228,TRADE,6010.25,1
2024-11-24 23:08:43.626983,TRADE,6010.0,1
2024-11-24 23:08:43.857103,TRADE,6010.25,3
2024-11-24 23:08:46.076775,TRADE,6010.25,1
2024-11-24 23:08:47.890415,TRADE,6010.25,1
2024-11-24 23:08:48.455923,TRADE,6010.25,1
2024-11-24 23:08:48.546281,TRADE,6010.25,1
2024-11-24 23:08:48.546585,TRADE,6010.25,7
2024-11-24 23:08:50.122056,TRADE,6010.25,1
2024-11-24 23:08:52.079826,TRADE,6010.25,9
2024-11-24 23:08:52.233420,TRADE,6010.0,4
2024-11-24 23:08:52.233648,TRADE,6010.0,3
2024-11-24 23:08:53.069231,TRADE,6010.25,7
2024-11-24 23:08:53.194529,TRADE,6010.0,10
2024-11-24 23:08:53.195371,TRADE,6010.0,1
2024-11-24 23:08:55.082179,TRADE,6010.25,1
2024-11-24 23:08:56.653540,TRADE,6010.0,1
2024-11-24 23:08:56.654355,TRADE,6010.0,2
2024-11-24 23:08:56.655364,TRADE,6010.0,1
2024-11-24 23:08:57.213687,TRADE,6010.25,1
2024-11-24 23:08:57.279077,TRADE,6010.0,3
2024-11-24 23:08:57.279077,TRADE,6009.75,1
2024-11-24 23:08:57.279507,TRADE,6010.0,1
2024-11-24 23:08:57.279909,TRADE,6010.0,1
2024-11-24 23:09:00.172700,TRADE,6010.0,1
2024-11-24 23:09:00.173033,TRADE,6010.0,1
2024-11-24 23:09:00.431336,TRADE,6010.0,2
2024-11-24 23:09:00.431610,TRADE,6010.0,1
2024-11-24 23:09:00.659593,TRADE,6010.0,1
2024-11-24 23:09:00.665903,TRADE,6010.0,1
2024-11-24 23:09:00.666182,TRADE,6010.0,1
2024-11-24 23:09:00.667054,TRADE,6010.0,1
2024-11-24 23:09:00.856143,TRADE,6010.0,1
2024-11-24 23:09:00.856424,TRADE,6010.0,1
2024-11-24 23:09:01.758074,TRADE,6010.0,1
2024-11-24 23:09:01.845567,TRADE,6009.75,1
2024-11-24 23:09:01.846361,TRADE,6010.0,1
2024-11-24 23:09:01.846625,TRADE,6010.0,4
2024-11-24 23:09:01.847015,TRADE,6010.0,1
2024-11-24 23:09:01.962214,TRADE,6010.0,1
2024-11-24 23:09:02.725885,TRADE,6010.0,1
2024-11-24 23:09:02.726217,TRADE,6010.0,1
2024-11-24 23:09:02.726468,TRADE,6010.0,1
2024-11-24 23:09:02.862295,TRADE,6010.0,4
2024-11-24 23:09:03.917625,TRADE,6009.75,1
2024-11-24 23:09:04.146389,TRADE,6010.0,2
2024-11-24 23:09:04.146626,TRADE,6010.0,1
2024-11-24 23:09:04.147070,TRADE,6010.0,4
2024-11-24 23:09:04.171751,TRADE,6010.0,3
2024-11-24 23:09:04.183619,TRADE,6009.75,20
2024-11-24 23:09:04.183837,TRADE,6009.75,1
2024-11-24 23:09:04.183959,TRADE,6009.75,1
2024-11-24 23:09:04.195443,TRADE,6010.0,4
2024-11-24 23:09:04.195881,TRADE,6010.0,1
2024-11-24 23:09:04.196103,TRADE,6010.0,1
2024-11-24 23:09:05.512283,TRADE,6010.0,1
2024-11-24 23:09:05.512725,TRADE,6010.0,1
2024-11-24 23:09:06.086145,TRADE,6010.0,1
2024-11-24 23:09:06.086520,TRADE,6010.0,2
2024-11-24 23:09:09.486229,TRADE,6010.0,3
2024-11-24 23:09:09.862534,TRADE,6010.0,1
2024-11-24 23:09:09.962266,TRADE,6010.0,2
2024-11-24 23:09:13.309501,TRADE,6010.0,1
2024-11-24 23:09:17.558549,TRADE,6010.0,2
2024-11-24 23:09:18.873400,TRADE,6010.0,1
2024-11-24 23:09:19.480614,TRADE,6010.0,1
2024-11-24 23:09:21.876153,TRADE,6010.0,4
2024-11-24 23:09:21.876831,TRADE,6010.0,3
2024-11-24 23:09:23.897194,TRADE,6010.0,7
2024-11-24 23:09:26.293906,TRADE,6010.0,5
2024-11-24 23:09:26.294362,TRADE,6010.0,1
2024-11-24 23:09:26.294632,TRADE,6010.0,1
2024-11-24 23:09:26.294729,TRADE,6010.0,1
2024-11-24 23:09:26.294895,TRADE,6010.0,1
2024-11-24 23:09:27.862090,TRADE,6010.0,1
2024-11-24 23:09:27.913126,TRADE,6010.0,1
2024-11-24 23:09:29.035693,TRADE,6010.25,50
2024-11-24 23:09:29.036137,TRADE,6010.25,2
2024-11-24 23:09:29.036261,TRADE,6010.25,1
2024-11-24 23:09:29.147618,TRADE,6010.0,1
2024-11-24 23:09:29.862449,TRADE,6010.0,1
2024-11-24 23:09:29.862939,TRADE,6010.0,1
2024-11-24 23:09:29.863363,TRADE,6010.0,1
2024-11-24 23:09:29.863859,TRADE,6010.0,1
2024-11-24 23:09:30.862179,TRADE,6010.0,2
2024-11-24 23:09:30.862475,TRADE,6010.0,1
2024-11-24 23:09:32.986339,TRADE,6009.75,1
2024-11-24 23:09:34.795181,TRADE,6010.0,1
2024-11-24 23:09:35.189555,TRADE,6010.0,1
2024-11-24 23:09:36.022785,TRADE,6010.0,1
2024-11-24 23:09:36.023253,TRADE,6010.0,2
2024-11-24 23:09:36.023634,TRADE,6010.0,1
2024-11-24 23:09:38.454086,TRADE,6010.0,1
2024-11-24 23:09:38.619395,TRADE,6010.0,1
2024-11-24 23:09:39.312355,TRADE,6010.0,4
2024-11-24 23:09:39.312560,TRADE,6010.0,1
2024-11-24 23:09:39.312663,TRADE,6010.0,1
2024-11-24 23:09:40.411238,TRADE,6010.0,1
2024-11-24 23:09:40.411945,TRADE,6010.0,1
2024-11-24 23:09:42.107876,TRADE,6009.75,2
2024-11-24 23:09:44.004222,TRADE,6010.0,4
2024-11-24 23:09:44.004222,TRADE,6010.25,10
2024-11-24 23:09:44.004222,TRADE,6010.5,86
2024-11-24 23:09:44.004239,TRADE,6010.5,2
2024-11-24 23:09:44.004239,TRADE,6010.5,1
2024-11-24 23:09:44.006184,TRADE,6010.25,1
2024-11-24 23:09:44.006323,TRADE,6010.25,1
2024-11-24 23:09:44.006323,TRADE,6010.25,1
2024-11-24 23:09:44.006434,TRADE,6010.25,1
2024-11-24 23:09:44.006677,TRADE,6010.25,1
2024-11-24 23:09:44.006835,TRADE,6010.25,1
2024-11-24 23:09:44.006902,TRADE,6010.25,1
2024-11-24 23:09:44.007110,TRADE,6010.25,1
2024-11-24 23:09:44.030175,TRADE,6010.25,1
2024-11-24 23:09:44.030423,TRADE,6010.25,1
2024-11-24 23:09:44.030609,TRADE,6010.25,1
2024-11-24 23:09:44.031012,TRADE,6010.25,1
2024-11-24 23:09:44.043100,TRADE,6010.25,1
2024-11-24 23:09:44.571617,TRADE,6010.5,1
2024-11-24 23:09:45.929631,TRADE,6010.0,9
2024-11-24 23:09:45.930038,TRADE,6010.0,1
2024-11-24 23:09:45.930979,TRADE,6010.0,1
2024-11-24 23:09:49.776593,TRADE,6010.0,1
2024-11-24 23:09:49.777157,TRADE,6010.0,2
2024-11-24 23:09:49.777550,TRADE,6010.0,1
2024-11-24 23:09:52.210403,TRADE,6010.0,1
2024-11-24 23:09:52.210652,TRADE,6010.0,2
2024-11-24 23:09:52.210886,TRADE,6010.0,1
2024-11-24 23:09:55.702457,TRADE,6010.25,2
2024-11-24 23:09:55.883134,TRADE,6010.25,5
2024-11-24 23:09:57.862349,TRADE,6010.25,2
2024-11-24 23:09:57.862546,TRADE,6010.25,2
2024-11-24 23:09:57.956186,TRADE,6010.25,1
2024-11-24 23:09:57.956492,TRADE,6010.25,13
2024-11-24 23:09:57.958550,TRADE,6010.25,1
2024-11-24 23:09:57.958798,TRADE,6010.25,3
2024-11-24 23:09:57.959243,TRADE,6010.25,1
2024-11-24 23:09:57.960310,TRADE,6010.25,1
2024-11-24 23:09:58.862386,TRADE,6010.25,3
2024-11-24 23:09:58.862647,TRADE,6010.25,1
2024-11-24 23:10:00.008285,TRADE,6010.0,1
2024-11-24 23:10:00.008352,TRADE,6010.0,1
2024-11-24 23:10:02.321528,TRADE,6010.0,1
2024-11-24 23:10:06.293214,TRADE,6010.0,1
2024-11-24 23:10:07.059163,TRADE,6010.25,1
2024-11-24 23:10:07.059371,TRADE,6010.25,1
2024-11-24 23:10:07.059729,TRADE,6010.25,4
2024-11-24 23:10:08.003529,TRADE,6010.25,3
2024-11-24 23:10:08.003817,TRADE,6010.25,1
2024-11-24 23:10:08.852356,TRADE,6010.25,2
2024-11-24 23:10:09.001257,TRADE,6010.25,2
2024-11-24 23:10:11.767234,TRADE,6010.25,1
2024-11-24 23:10:11.767476,TRADE,6010.25,1
2024-11-24 23:10:14.032315,TRADE,6010.25,1
2024-11-24 23:10:15.687835,TRADE,6010.25,1
2024-11-24 23:10:15.763382,TRADE,6010.25,1
2024-11-24 23:10:16.559656,TRADE,6010.25,3
2024-11-24 23:10:16.559656,TRADE,6010.5,47
2024-11-24 23:10:16.560262,TRADE,6010.25,1
2024-11-24 23:10:16.560402,TRADE,6010.5,2
2024-11-24 23:10:16.560687,TRADE,6010.25,2
2024-11-24 23:10:16.560843,TRADE,6010.25,3
2024-11-24 23:10:16.561020,TRADE,6010.25,1
2024-11-24 23:10:16.561173,TRADE,6010.25,1
2024-11-24 23:10:16.561571,TRADE,6010.25,1
2024-11-24 23:10:20.730042,TRADE,6010.5,1
2024-11-24 23:10:21.460017,TRADE,6010.5,1
2024-11-24 23:10:23.702317,TRADE,6010.5,1
2024-11-24 23:10:26.262347,TRADE,6010.25,1
2024-11-24 23:10:26.556857,TRADE,6010.25,1
2024-11-24 23:10:28.400748,TRADE,6010.25,7
2024-11-24 23:10:28.600256,TRADE,6010.0,2
2024-11-24 23:10:28.600513,TRADE,6010.0,4
2024-11-24 23:10:28.600692,TRADE,6010.0,12
2024-11-24 23:10:28.601354,TRADE,6010.0,2
2024-11-24 23:10:28.601610,TRADE,6010.0,1
2024-11-24 23:10:28.807866,TRADE,6010.0,1
2024-11-24 23:10:28.888268,TRADE,6010.0,1
2024-11-24 23:10:29.681185,TRADE,6010.0,4
2024-11-24 23:10:29.681185,TRADE,6010.25,7
2024-11-24 23:10:29.681185,TRADE,6010.5,39
2024-11-24 23:10:29.682376,TRADE,6010.25,1
2024-11-24 23:10:29.682705,TRADE,6010.25,1
2024-11-24 23:10:29.682797,TRADE,6010.25,1
2024-11-24 23:10:29.719319,TRADE,6010.0,1
2024-11-24 23:10:29.774259,TRADE,6010.0,1
2024-11-24 23:10:29.774349,TRADE,6010.0,1
2024-11-24 23:10:31.003524,TRADE,6010.0,1
2024-11-24 23:10:32.011772,TRADE,6010.25,1
2024-11-24 23:10:32.011847,TRADE,6010.25,1
2024-11-24 23:10:32.151155,TRADE,6010.0,1
2024-11-24 23:10:32.830660,TRADE,6010.0,1
2024-11-24 23:10:33.250367,TRADE,6010.0,1
2024-11-24 23:10:34.251344,TRADE,6010.0,5
2024-11-24 23:10:34.251659,TRADE,6010.0,1
2024-11-24 23:10:34.558368,TRADE,6010.25,5
2024-11-24 23:10:34.558813,TRADE,6010.25,10
2024-11-24 23:10:34.558982,TRADE,6010.25,1
2024-11-24 23:10:34.559116,TRADE,6010.25,1
2024-11-24 23:10:34.561666,TRADE,6010.25,3
2024-11-24 23:10:35.061762,TRADE,6010.0,1
2024-11-24 23:10:37.126880,TRADE,6010.0,5
2024-11-24 23:10:37.127328,TRADE,6010.25,1
2024-11-24 23:10:37.127610,TRADE,6010.25,2
2024-11-24 23:10:37.127753,TRADE,6010.25,2
2024-11-24 23:10:37.833882,TRADE,6010.25,1
2024-11-24 23:10:38.666769,TRADE,6010.25,1
2024-11-24 23:10:41.028565,TRADE,6010.5,1
2024-11-24 23:10:41.028635,TRADE,6010.5,1
2024-11-24 23:10:42.033495,TRADE,6010.25,1
2024-11-24 23:10:42.515139,TRADE,6010.5,57
2024-11-24 23:10:42.515425,TRADE,6010.5,1
2024-11-24 23:10:42.515597,TRADE,6010.5,2
2024-11-24 23:10:43.745886,TRADE,6010.25,5
2024-11-24 23:10:45.855551,TRADE,6010.25,1
2024-11-24 23:10:46.178945,TRADE,6010.5,26
2024-11-24 23:10:46.179493,TRADE,6010.5,1
2024-11-24 23:10:46.179575,TRADE,6010.5,1
2024-11-24 23:10:46.179751,TRADE,6010.5,1
2024-11-24 23:10:46.180010,TRADE,6010.5,1
2024-11-24 23:10:46.180846,TRADE,6010.5,1
2024-11-24 23:10:46.790857,TRADE,6010.5,1
2024-11-24 23:10:49.434822,TRADE,6010.5,3
2024-11-24 23:10:50.374140,TRADE,6010.5,1
2024-11-24 23:10:53.888031,TRADE,6010.5,1
2024-11-24 23:10:54.363146,TRADE,6010.75,1
2024-11-24 23:10:55.129629,TRADE,6010.75,1
2024-11-24 23:10:55.985889,TRADE,6010.75,1
2024-11-24 23:10:56.115636,TRADE,6010.5,1
2024-11-24 23:10:56.115647,TRADE,6010.5,1
2024-11-24 23:10:56.116235,TRADE,6010.5,2
2024-11-24 23:10:56.117914,TRADE,6010.5,1
2024-11-24 23:10:58.079932,TRADE,6010.5,1
2024-11-24 23:11:00.661775,TRADE,6010.5,1
2024-11-24 23:11:00.801855,TRADE,6010.75,1
2024-11-24 23:11:04.698977,TRADE,6010.5,5
2024-11-24 23:11:05.914051,TRADE,6010.5,1
2024-11-24 23:11:09.935873,TRADE,6010.5,10
2024-11-24 23:11:09.936189,TRADE,6010.5,2
2024-11-24 23:11:09.936298,TRADE,6010.5,2
2024-11-24 23:11:09.936393,TRADE,6010.5,1
2024-11-24 23:11:10.162145,TRADE,6010.75,1
2024-11-24 23:11:10.770182,TRADE,6010.5,1
2024-11-24 23:11:10.853400,TRADE,6010.5,2
2024-11-24 23:11:11.001229,TRADE,6010.75,1
2024-11-24 23:11:11.360153,TRADE,6010.5,5
2024-11-24 23:11:11.360541,TRADE,6010.5,2
2024-11-24 23:11:11.360669,TRADE,6010.5,1
2024-11-24 23:11:11.361119,TRADE,6010.5,18
2024-11-24 23:11:11.361383,TRADE,6010.5,1
2024-11-24 23:11:11.361536,TRADE,6010.5,1
2024-11-24 23:11:12.338800,TRADE,6010.5,1
2024-11-24 23:11:12.339017,TRADE,6010.5,1
2024-11-24 23:11:12.425952,TRADE,6010.75,25
2024-11-24 23:11:13.292926,TRADE,6010.5,2
2024-11-24 23:11:13.292926,TRADE,6010.25,3
2024-11-24 23:11:13.293835,TRADE,6010.5,4
2024-11-24 23:11:13.294089,TRADE,6010.5,1
2024-11-24 23:11:14.230049,TRADE,6010.25,1
2024-11-24 23:11:14.230624,TRADE,6010.5,2
2024-11-24 23:11:14.230871,TRADE,6010.5,1
2024-11-24 23:11:14.541655,TRADE,6010.5,1
2024-11-24 23:11:14.542078,TRADE,6010.5,3
2024-11-24 23:11:14.580432,TRADE,6010.5,6
2024-11-24 23:11:15.150966,TRADE,6010.5,1
2024-11-24 23:11:15.151467,TRADE,6010.5,1
2024-11-24 23:11:16.620370,TRADE,6010.5,1
2024-11-24 23:11:16.893036,TRADE,6010.25,1
2024-11-24 23:11:16.895198,TRADE,6010.5,2
2024-11-24 23:11:17.632766,TRADE,6010.75,1
2024-11-24 23:11:19.146963,TRADE,6010.75,5
2024-11-24 23:11:19.973238,TRADE,6010.75,25
2024-11-24 23:11:19.973355,TRADE,6010.75,1
2024-11-24 23:11:19.973619,TRADE,6010.75,1
2024-11-24 23:11:19.974875,TRADE,6010.75,7
2024-11-24 23:11:19.974938,TRADE,6010.75,1
2024-11-24 23:11:23.794369,TRADE,6010.75,1
2024-11-24 23:11:26.218042,TRADE,6010.75,7
2024-11-24 23:11:26.719402,TRADE,6010.5,1
2024-11-24 23:11:29.385747,TRADE,6010.75,1
2024-11-24 23:11:30.425924,TRADE,6010.5,2
2024-11-24 23:11:30.426234,TRADE,6010.5,6
2024-11-24 23:11:30.426325,TRADE,6010.5,1
2024-11-24 23:11:30.426742,TRADE,6010.5,3
2024-11-24 23:11:30.427008,TRADE,6010.5,1
2024-11-24 23:11:32.402061,TRADE,6010.75,5
2024-11-24 23:11:33.462925,TRADE,6010.75,1
2024-11-24 23:11:33.849774,TRADE,6010.75,1
2024-11-24 23:11:35.427477,TRADE,6010.5,5
2024-11-24 23:11:35.427932,TRADE,6010.5,3
2024-11-24 23:11:35.428317,TRADE,6010.5,1
2024-11-24 23:11:36.284377,TRADE,6010.5,1
2024-11-24 23:11:36.286969,TRADE,6010.5,1
2024-11-24 23:11:36.768368,TRADE,6010.5,2
2024-11-24 23:11:36.768816,TRADE,6010.5,2
2024-11-24 23:11:36.778648,TRADE,6010.5,1
2024-11-24 23:11:38.346444,TRADE,6010.5,1
2024-11-24 23:11:40.827363,TRADE,6010.5,1
2024-11-24 23:11:40.827661,TRADE,6010.5,7
2024-11-24 23:11:40.828284,TRADE,6010.5,5
2024-11-24 23:11:42.080519,TRADE,6010.5,3
2024-11-24 23:11:42.080920,TRADE,6010.5,1
2024-11-24 23:11:43.250057,TRADE,6010.5,1
2024-11-24 23:11:45.000866,TRADE,6010.75,2
2024-11-24 23:11:45.001192,TRADE,6010.5,1
2024-11-24 23:11:45.001428,TRADE,6010.5,1
2024-11-24 23:11:46.343324,TRADE,6010.5,4
2024-11-24 23:11:46.380315,TRADE,6010.75,1
2024-11-24 23:11:47.374554,TRADE,6010.5,1
2024-11-24 23:11:50.609691,TRADE,6010.75,1
2024-11-24 23:11:51.333736,TRADE,6010.5,4
2024-11-24 23:11:51.427523,TRADE,6010.5,3
2024-11-24 23:11:58.040862,TRADE,6010.5,1
2024-11-24 23:12:00.185810,TRADE,6010.75,1
2024-11-24 23:12:00.850917,TRADE,6010.75,2
2024-11-24 23:12:00.851146,TRADE,6010.75,1
2024-11-24 23:12:01.115324,TRADE,6010.75,1
2024-11-24 23:12:01.530983,TRADE,6010.75,1
2024-11-24 23:12:04.474997,TRADE,6010.75,1
2024-11-24 23:12:06.136727,TRADE,6010.75,26
2024-11-24 23:12:06.137014,TRADE,6010.75,1
2024-11-24 23:12:06.137206,TRADE,6010.75,9
2024-11-24 23:12:06.137319,TRADE,6010.75,3
2024-11-24 23:12:06.137426,TRADE,6010.75,2
2024-11-24 23:12:06.137536,TRADE,6010.75,1
2024-11-24 23:12:06.137794,TRADE,6010.75,2
2024-11-24 23:12:06.457280,TRADE,6010.5,1
2024-11-24 23:12:06.487164,TRADE,6010.75,1
2024-11-24 23:12:09.759740,TRADE,6010.5,1
2024-11-24 23:12:12.589272,TRADE,6010.75,1
2024-11-24 23:12:17.294287,TRADE,6010.75,1
2024-11-24 23:12:18.142650,TRADE,6010.5,8
2024-11-24 23:12:18.165973,TRADE,6010.75,1
2024-11-24 23:12:18.457301,TRADE,6010.5,1
2024-11-24 23:12:20.028684,TRADE,6010.5,2
2024-11-24 23:12:20.879686,TRADE,6010.5,1
2024-11-24 23:12:21.414087,TRADE,6010.75,1
2024-11-24 23:12:23.339131,TRADE,6010.75,1
2024-11-24 23:12:26.170466,TRADE,6010.75,3
2024-11-24 23:12:26.170747,TRADE,6010.75,1
2024-11-24 23:12:26.212049,TRADE,6010.75,1
2024-11-24 23:12:28.813403,TRADE,6010.75,1
2024-11-24 23:12:30.611063,TRADE,6010.75,1
2024-11-24 23:12:30.617171,TRADE,6010.75,1
2024-11-24 23:12:30.654152,TRADE,6010.75,1
2024-11-24 23:12:34.449731,TRADE,6010.75,4
2024-11-24 23:12:34.449759,TRADE,6010.75,1
2024-11-24 23:12:34.450483,TRADE,6010.75,2
2024-11-24 23:12:34.450638,TRADE,6010.75,1
2024-11-24 23:12:34.450781,TRADE,6010.75,2
2024-11-24 23:12:34.450889,TRADE,6010.75,1
2024-11-24 23:12:34.452029,TRADE,6010.75,1
2024-11-24 23:12:34.472779,TRADE,6010.75,2
2024-11-24 23:12:34.473036,TRADE,6010.75,1
2024-11-24 23:12:34.741890,TRADE,6010.75,100
2024-11-24 23:12:34.742287,TRADE,6010.75,1
2024-11-24 23:12:34.742433,TRADE,6010.75,2
2024-11-24 23:12:34.742513,TRADE,6010.75,1
2024-11-24 23:12:34.742701,TRADE,6010.75,3
2024-11-24 23:12:34.743717,TRADE,6010.75,1
2024-11-24 23:12:34.973664,TRADE,6010.5,1
2024-11-24 23:12:38.305348,TRADE,6010.75,1
2024-11-24 23:12:38.305692,TRADE,6010.75,1
2024-11-24 23:12:39.348912,TRADE,6010.75,2
2024-11-24 23:12:39.349126,TRADE,6010.75,1
2024-11-24 23:12:39.349162,TRADE,6010.75,1
2024-11-24 23:12:39.349390,TRADE,6010.75,2
2024-11-24 23:12:39.349426,TRADE,6010.75,2
2024-11-24 23:12:39.350039,TRADE,6010.75,1
2024-11-24 23:12:39.350110,TRADE,6010.75,1
2024-11-24 23:12:39.350945,TRADE,6010.75,2
2024-11-24 23:12:39.351121,TRADE,6010.75,1
2024-11-24 23:12:39.609473,TRADE,6010.75,1
2024-11-24 23:12:40.621125,TRADE,6011.0,35
2024-11-24 23:12:40.621144,TRADE,6011.0,1
2024-11-24 23:12:40.621144,TRADE,6011.0,5
2024-11-24 23:12:40.621789,TRADE,6011.0,1
2024-11-24 23:12:40.622007,TRADE,6011.0,1
2024-11-24 23:12:40.622324,TRADE,6011.0,1
2024-11-24 23:12:40.653293,TRADE,6011.0,1
2024-11-24 23:12:40.696705,TRADE,6011.0,1
2024-11-24 23:12:42.350695,TRADE,6011.0,4
2024-11-24 23:12:42.469352,TRADE,6011.0,4
2024-11-24 23:12:42.469680,TRADE,6011.0,1
2024-11-24 23:12:42.812763,TRADE,6011.0,4
2024-11-24 23:12:42.920698,TRADE,6011.0,4
2024-11-24 23:12:43.659684,TRADE,6010.75,1
2024-11-24 23:12:46.448886,TRADE,6011.0,1
2024-11-24 23:12:47.092810,TRADE,6011.0,1
2024-11-24 23:12:47.215060,TRADE,6011.0,2
2024-11-24 23:12:48.814271,TRADE,6010.75,1
2024-11-24 23:12:49.037492,TRADE,6010.75,1
2024-11-24 23:12:49.037603,TRADE,6010.75,3
2024-11-24 23:12:49.037699,TRADE,6010.75,3
2024-11-24 23:12:49.037843,TRADE,6010.75,2
2024-11-24 23:12:49.037906,TRADE,6010.75,1
2024-11-24 23:12:49.038021,TRADE,6010.75,3
2024-11-24 23:12:49.038103,TRADE,6010.75,1
2024-11-24 23:12:49.038194,TRADE,6010.75,2
2024-11-24 23:12:49.038645,TRADE,6010.75,2
2024-11-24 23:12:49.039124,TRADE,6010.75,1
2024-11-24 23:12:49.039359,TRADE,6010.75,1
2024-11-24 23:12:49.039680,TRADE,6010.75,1
2024-11-24 23:12:50.252277,TRADE,6010.75,2
2024-11-24 23:12:52.061279,TRADE,6011.0,1
2024-11-24 23:12:52.062556,TRADE,6010.75,2
2024-11-24 23:12:52.062770,TRADE,6010.75,1
2024-11-24 23:12:52.065974,TRADE,6010.75,1
2024-11-24 23:12:54.553152,TRADE,6010.75,1
2024-11-24 23:12:55.506701,TRADE,6011.0,50
2024-11-24 23:12:55.507003,TRADE,6011.0,1
2024-11-24 23:12:55.507105,TRADE,6011.0,1
2024-11-24 23:12:56.827510,TRADE,6011.0,1
