time,type,price,size
2024-12-08 23:00:00.027204,TRADE,6096.25,125
2024-12-08 23:00:00.036548,TRADE,6096.25,8
2024-12-08 23:00:00.038102,TRADE,6096.25,1
2024-12-08 23:00:00.039197,TRADE,6096.5,4
2024-12-08 23:00:00.049106,TRADE,6096.5,1
2024-12-08 23:00:00.050692,TRADE,6096.5,1
2024-12-08 23:00:00.055981,TRADE,6096.0,3
2024-12-08 23:00:00.056641,TRADE,6096.5,3
2024-12-08 23:00:00.057183,TRADE,6096.0,1
2024-12-08 23:00:00.062884,TRADE,6096.5,2
2024-12-08 23:00:00.066565,TRADE,6096.75,2
2024-12-08 23:00:00.068322,TRADE,6096.75,1
2024-12-08 23:00:00.069891,TRADE,6096.75,2
2024-12-08 23:00:00.085568,TRADE,6096.75,2
2024-12-08 23:00:00.094840,TRADE,6096.75,2
2024-12-08 23:00:00.119764,TRADE,6096.75,1
2024-12-08 23:00:00.122603,TRADE,6096.75,2
2024-12-08 23:00:00.128965,TRADE,6096.75,7
2024-12-08 23:00:00.144801,TRADE,6097.0,4
2024-12-08 23:00:00.152404,TRADE,6096.75,1
2024-12-08 23:00:00.153082,TRADE,6097.25,1
2024-12-08 23:00:00.154663,TRADE,6097.25,4
2024-12-08 23:00:00.156546,TRADE,6097.5,2
2024-12-08 23:00:00.157302,TRADE,6097.5,1
2024-12-08 23:00:00.516938,TRADE,6097.5,2
2024-12-08 23:00:00.517373,TRADE,6097.0,1
2024-12-08 23:00:00.688957,TRADE,6097.0,2
2024-12-08 23:00:00.743942,TRADE,6097.0,1
2024-12-08 23:00:00.845421,TRADE,6097.5,1
2024-12-08 23:00:00.861723,TRADE,6097.0,1
2024-12-08 23:00:00.868169,TRADE,6097.0,1
2024-12-08 23:00:00.977106,TRADE,6097.0,1
2024-12-08 23:00:01.026503,TRADE,6097.0,3
2024-12-08 23:00:01.264551,TRADE,6097.25,1
2024-12-08 23:00:01.265779,TRADE,6097.25,1
2024-12-08 23:00:01.267640,TRADE,6097.25,1
2024-12-08 23:00:01.268396,TRADE,6097.0,1
2024-12-08 23:00:01.282975,TRADE,6097.25,1
2024-12-08 23:00:01.309675,TRADE,6097.25,2
2024-12-08 23:00:01.490541,TRADE,6097.0,1
2024-12-08 23:00:01.497418,TRADE,6097.0,3
2024-12-08 23:00:01.498295,TRADE,6097.0,2
2024-12-08 23:00:01.562004,TRADE,6097.5,1
2024-12-08 23:00:01.764460,TRADE,6096.75,1
2024-12-08 23:00:01.903802,TRADE,6096.75,5
2024-12-08 23:00:01.904752,TRADE,6096.75,1
2024-12-08 23:00:01.981513,TRADE,6097.0,2
2024-12-08 23:00:01.982106,TRADE,6096.75,4
2024-12-08 23:00:02.195734,TRADE,6097.25,1
2024-12-08 23:00:02.409686,TRADE,6096.75,1
2024-12-08 23:00:02.438537,TRADE,6096.75,1
2024-12-08 23:00:02.444916,TRADE,6096.75,8
2024-12-08 23:00:02.637102,TRADE,6096.5,4
2024-12-08 23:00:02.638562,TRADE,6096.75,1
2024-12-08 23:00:02.929127,TRADE,6096.5,2
2024-12-08 23:00:02.929715,TRADE,6096.5,2
2024-12-08 23:00:02.931900,TRADE,6096.75,1
2024-12-08 23:00:02.995591,TRADE,6096.75,1
2024-12-08 23:00:03.228063,TRADE,6097.0,4
2024-12-08 23:00:03.228063,TRADE,6097.25,1
2024-12-08 23:00:03.231977,TRADE,6097.0,2
2024-12-08 23:00:03.237294,TRADE,6096.75,2
2024-12-08 23:00:03.261390,TRADE,6096.75,1
2024-12-08 23:00:03.261390,TRADE,6096.5,1
2024-12-08 23:00:03.359365,TRADE,6097.0,3
2024-12-08 23:00:03.431862,TRADE,6097.0,1
2024-12-08 23:00:03.615538,TRADE,6096.75,5
2024-12-08 23:00:03.615538,TRADE,6096.5,8
2024-12-08 23:00:03.615538,TRADE,6096.25,7
2024-12-08 23:00:03.615538,TRADE,6096.0,5
2024-12-08 23:00:03.617717,TRADE,6096.75,1
2024-12-08 23:00:03.633309,TRADE,6096.5,1
2024-12-08 23:00:03.788370,TRADE,6096.75,2
2024-12-08 23:00:04.014009,TRADE,6097.0,1
2024-12-08 23:00:04.127034,TRADE,6097.0,1
2024-12-08 23:00:04.702637,TRADE,6096.75,1
2024-12-08 23:00:04.895701,TRADE,6096.5,1
2024-12-08 23:00:05.001627,TRADE,6096.5,2
2024-12-08 23:00:05.002444,TRADE,6096.5,1
2024-12-08 23:00:05.262705,TRADE,6096.5,1
2024-12-08 23:00:05.267281,TRADE,6096.5,1
2024-12-08 23:00:05.601333,TRADE,6096.5,2
2024-12-08 23:00:05.602789,TRADE,6096.5,2
2024-12-08 23:00:05.707666,TRADE,6096.5,5
2024-12-08 23:00:05.707666,TRADE,6096.25,5
2024-12-08 23:00:05.707666,TRADE,6096.0,7
2024-12-08 23:00:05.708930,TRADE,6096.5,1
2024-12-08 23:00:05.709689,TRADE,6096.5,2
2024-12-08 23:00:05.710328,TRADE,6096.5,1
2024-12-08 23:00:05.728216,TRADE,6096.5,2
2024-12-08 23:00:05.728216,TRADE,6096.75,7
2024-12-08 23:00:05.728216,TRADE,6097.0,7
2024-12-08 23:00:05.728216,TRADE,6097.25,9
2024-12-08 23:00:05.728216,TRADE,6097.5,11
2024-12-08 23:00:05.728216,TRADE,6097.75,14
2024-12-08 23:00:05.729518,TRADE,6097.0,2
2024-12-08 23:00:05.730039,TRADE,6097.0,1
2024-12-08 23:00:05.732022,TRADE,6097.0,1
2024-12-08 23:00:05.734716,TRADE,6097.25,1
2024-12-08 23:00:05.743537,TRADE,6097.75,4
2024-12-08 23:00:05.744630,TRADE,6097.5,1
2024-12-08 23:00:06.221507,TRADE,6097.5,1
2024-12-08 23:00:06.304187,TRADE,6097.5,5
2024-12-08 23:00:06.326089,TRADE,6097.5,5
2024-12-08 23:00:06.326089,TRADE,6097.75,5
2024-12-08 23:00:06.327390,TRADE,6097.5,1
2024-12-08 23:00:06.328022,TRADE,6097.5,1
2024-12-08 23:00:06.670080,TRADE,6097.25,1
2024-12-08 23:00:06.739074,TRADE,6097.75,4
2024-12-08 23:00:06.805723,TRADE,6097.5,2
2024-12-08 23:00:07.054327,TRADE,6097.25,1
2024-12-08 23:00:07.112684,TRADE,6097.5,5
2024-12-08 23:00:07.114709,TRADE,6097.5,1
2024-12-08 23:00:07.122542,TRADE,6097.75,2
2024-12-08 23:00:07.377561,TRADE,6097.25,12
2024-12-08 23:00:07.377561,TRADE,6097.0,3
2024-12-08 23:00:07.377561,TRADE,6096.75,8
2024-12-08 23:00:07.377561,TRADE,6096.5,10
2024-12-08 23:00:07.377561,TRADE,6096.25,13
2024-12-08 23:00:07.379118,TRADE,6096.25,14
2024-12-08 23:00:07.381879,TRADE,6096.25,20
2024-12-08 23:00:07.382387,TRADE,6096.25,2
2024-12-08 23:00:07.384082,TRADE,6096.25,7
2024-12-08 23:00:07.387233,TRADE,6096.5,1
2024-12-08 23:00:07.387546,TRADE,6096.5,1
2024-12-08 23:00:07.595922,TRADE,6096.5,1
2024-12-08 23:00:07.595922,TRADE,6096.75,1
2024-12-08 23:00:08.441420,TRADE,6096.25,2
2024-12-08 23:00:08.441420,TRADE,6096.0,7
2024-12-08 23:00:08.441420,TRADE,6095.75,1
2024-12-08 23:00:08.522866,TRADE,6096.25,1
2024-12-08 23:00:08.523638,TRADE,6096.25,1
2024-12-08 23:00:08.643429,TRADE,6096.5,3
2024-12-08 23:00:08.643429,TRADE,6096.75,7
2024-12-08 23:00:08.937497,TRADE,6096.75,2
2024-12-08 23:00:09.040227,TRADE,6096.75,5
2024-12-08 23:00:09.040227,TRADE,6096.5,2
2024-12-08 23:00:09.134099,TRADE,6096.75,1
2024-12-08 23:00:09.371730,TRADE,6096.75,2
2024-12-08 23:00:09.371730,TRADE,6097.0,6
2024-12-08 23:00:09.371730,TRADE,6097.25,2
2024-12-08 23:00:09.371743,TRADE,6097.25,2
2024-12-08 23:00:09.373749,TRADE,6096.75,1
2024-12-08 23:00:09.623141,TRADE,6097.25,1
2024-12-08 23:00:09.674503,TRADE,6096.75,2
2024-12-08 23:00:09.674503,TRADE,6096.5,6
2024-12-08 23:00:09.674503,TRADE,6096.25,7
2024-12-08 23:00:09.674503,TRADE,6096.0,10
2024-12-08 23:00:09.979464,TRADE,6096.0,1
2024-12-08 23:00:09.980060,TRADE,6096.0,1
2024-12-08 23:00:10.001116,TRADE,6096.5,2
2024-12-08 23:00:10.006911,TRADE,6096.0,1
2024-12-08 23:00:10.114551,TRADE,6096.0,2
2024-12-08 23:00:10.180939,TRADE,6096.0,2
2024-12-08 23:00:10.181631,TRADE,6096.0,1
2024-12-08 23:00:11.815762,TRADE,6096.25,1
2024-12-08 23:00:11.862589,TRADE,6096.0,1
2024-12-08 23:00:12.255768,TRADE,6096.0,7
2024-12-08 23:00:12.485141,TRADE,6096.0,1
2024-12-08 23:00:12.486369,TRADE,6096.0,1
2024-12-08 23:00:12.487090,TRADE,6096.0,1
2024-12-08 23:00:12.488874,TRADE,6096.0,1
2024-12-08 23:00:12.489605,TRADE,6096.0,1
2024-12-08 23:00:13.127572,TRADE,6095.75,1
2024-12-08 23:00:13.245347,TRADE,6095.75,2
2024-12-08 23:00:14.067544,TRADE,6095.75,6
2024-12-08 23:00:14.067544,TRADE,6095.5,16
2024-12-08 23:00:14.067544,TRADE,6095.25,28
2024-12-08 23:00:14.069387,TRADE,6095.75,1
2024-12-08 23:00:14.069795,TRADE,6095.5,1
2024-12-08 23:00:14.137956,TRADE,6095.5,1
2024-12-08 23:00:14.760008,TRADE,6095.25,1
2024-12-08 23:00:14.814322,TRADE,6095.75,2
2024-12-08 23:00:15.199704,TRADE,6095.5,5
2024-12-08 23:00:15.204026,TRADE,6095.75,2
2024-12-08 23:00:15.204847,TRADE,6095.75,1
2024-12-08 23:00:15.205640,TRADE,6095.75,2
2024-12-08 23:00:15.206310,TRADE,6095.75,1
2024-12-08 23:00:15.206718,TRADE,6095.75,1
2024-12-08 23:00:15.207336,TRADE,6095.75,1
2024-12-08 23:00:15.263290,TRADE,6095.5,1
2024-12-08 23:00:15.340250,TRADE,6095.75,2
2024-12-08 23:00:15.340901,TRADE,6095.75,1
2024-12-08 23:00:15.341694,TRADE,6095.75,1
2024-12-08 23:00:15.396745,TRADE,6096.0,2
2024-12-08 23:00:15.397643,TRADE,6095.75,1
2024-12-08 23:00:16.214714,TRADE,6095.5,1
2024-12-08 23:00:17.787528,TRADE,6096.0,1
2024-12-08 23:00:17.788302,TRADE,6096.0,2
2024-12-08 23:00:17.789593,TRADE,6096.25,1
2024-12-08 23:00:17.815375,TRADE,6096.75,1
2024-12-08 23:00:17.815976,TRADE,6096.75,1
2024-12-08 23:00:17.816751,TRADE,6096.75,1
2024-12-08 23:00:17.817286,TRADE,6096.75,1
2024-12-08 23:00:17.817603,TRADE,6096.75,1
2024-12-08 23:00:17.817930,TRADE,6096.75,1
2024-12-08 23:00:17.818526,TRADE,6096.75,1
2024-12-08 23:00:18.399246,TRADE,6096.5,1
2024-12-08 23:00:18.400079,TRADE,6096.5,3
2024-12-08 23:00:18.647230,TRADE,6096.25,1
2024-12-08 23:00:18.748703,TRADE,6096.75,1
2024-12-08 23:00:18.749440,TRADE,6096.75,1
2024-12-08 23:00:18.750031,TRADE,6096.75,1
2024-12-08 23:00:18.750538,TRADE,6096.75,1
2024-12-08 23:00:18.754365,TRADE,6096.75,1
2024-12-08 23:00:19.152866,TRADE,6096.25,1
2024-12-08 23:00:19.768143,TRADE,6096.75,1
2024-12-08 23:00:19.768717,TRADE,6096.75,1
2024-12-08 23:00:19.769072,TRADE,6096.75,1
2024-12-08 23:00:19.775316,TRADE,6096.75,1
2024-12-08 23:00:19.776058,TRADE,6096.75,1
2024-12-08 23:00:19.776375,TRADE,6096.75,1
2024-12-08 23:00:20.162386,TRADE,6096.5,1
2024-12-08 23:00:20.545630,TRADE,6096.25,1
2024-12-08 23:00:20.713538,TRADE,6096.0,1
2024-12-08 23:00:20.714276,TRADE,6096.25,1
2024-12-08 23:00:21.122600,TRADE,6096.5,2
2024-12-08 23:00:21.123305,TRADE,6096.5,2
2024-12-08 23:00:21.235077,TRADE,6096.25,1
2024-12-08 23:00:21.235911,TRADE,6096.5,1
2024-12-08 23:00:21.236664,TRADE,6096.5,1
2024-12-08 23:00:21.249054,TRADE,6096.5,1
2024-12-08 23:00:21.249539,TRADE,6096.5,1
2024-12-08 23:00:21.596235,TRADE,6096.25,1
2024-12-08 23:00:21.676300,TRADE,6096.25,3
2024-12-08 23:00:21.677016,TRADE,6096.25,1
2024-12-08 23:00:21.678047,TRADE,6096.25,1
2024-12-08 23:00:21.678580,TRADE,6096.25,1
2024-12-08 23:00:21.678860,TRADE,6096.25,1
2024-12-08 23:00:23.012938,TRADE,6096.5,1
2024-12-08 23:00:23.013423,TRADE,6096.5,3
2024-12-08 23:00:23.013947,TRADE,6096.5,4
2024-12-08 23:00:23.014527,TRADE,6096.5,2
2024-12-08 23:00:23.073427,TRADE,6096.5,2
2024-12-08 23:00:23.073897,TRADE,6096.5,2
2024-12-08 23:00:23.297044,TRADE,6096.5,1
2024-12-08 23:00:24.473034,TRADE,6096.5,1
2024-12-08 23:00:24.703718,TRADE,6096.25,1
2024-12-08 23:00:25.025106,TRADE,6096.25,1
2024-12-08 23:00:25.025758,TRADE,6096.25,1
2024-12-08 23:00:25.026317,TRADE,6096.25,1
2024-12-08 23:00:25.029968,TRADE,6096.5,1
2024-12-08 23:00:27.060267,TRADE,6096.75,1
2024-12-08 23:00:27.061033,TRADE,6096.75,1
2024-12-08 23:00:27.647332,TRADE,6096.75,1
2024-12-08 23:00:27.922234,TRADE,6096.75,1
2024-12-08 23:00:28.021556,TRADE,6096.75,1
2024-12-08 23:00:28.022118,TRADE,6096.75,1
2024-12-08 23:00:28.022433,TRADE,6096.75,1
2024-12-08 23:00:28.873524,TRADE,6097.0,1
2024-12-08 23:00:28.873535,TRADE,6097.0,3
2024-12-08 23:00:28.873535,TRADE,6097.0,1
2024-12-08 23:00:29.253276,TRADE,6096.75,2
2024-12-08 23:00:29.253276,TRADE,6096.5,3
2024-12-08 23:00:29.396678,TRADE,6097.0,1
2024-12-08 23:00:29.510784,TRADE,6096.75,2
2024-12-08 23:00:29.511421,TRADE,6096.75,1
2024-12-08 23:00:29.817561,TRADE,6096.75,1
2024-12-08 23:00:29.817749,TRADE,6096.75,1
2024-12-08 23:00:30.056371,TRADE,6096.5,1
2024-12-08 23:00:30.329559,TRADE,6096.75,1
2024-12-08 23:00:30.330253,TRADE,6096.75,1
2024-12-08 23:00:31.006867,TRADE,6097.0,3
2024-12-08 23:00:31.007591,TRADE,6096.75,1
2024-12-08 23:00:33.143669,TRADE,6096.75,1
2024-12-08 23:00:33.688278,TRADE,6096.75,2
2024-12-08 23:00:34.341021,TRADE,6096.75,2
2024-12-08 23:00:34.341535,TRADE,6096.75,4
2024-12-08 23:00:34.503951,TRADE,6096.75,1
2024-12-08 23:00:34.675984,TRADE,6096.5,2
2024-12-08 23:00:34.675984,TRADE,6096.25,3
2024-12-08 23:00:34.675984,TRADE,6096.0,17
2024-12-08 23:00:34.675984,TRADE,6095.75,3
2024-12-08 23:00:34.678027,TRADE,6096.25,1
2024-12-08 23:00:34.683182,TRADE,6096.25,1
2024-12-08 23:00:36.849764,TRADE,6096.25,1
2024-12-08 23:00:37.118065,TRADE,6096.0,2
2024-12-08 23:00:37.121344,TRADE,6096.0,1
2024-12-08 23:00:37.121655,TRADE,6096.0,1
2024-12-08 23:00:37.126665,TRADE,6096.0,1
2024-12-08 23:00:37.127537,TRADE,6096.0,1
2024-12-08 23:00:37.260189,TRADE,6096.25,1
2024-12-08 23:00:37.260673,TRADE,6096.25,1
2024-12-08 23:00:38.030050,TRADE,6096.25,1
2024-12-08 23:00:38.488302,TRADE,6096.0,3
2024-12-08 23:00:38.488860,TRADE,6096.0,1
2024-12-08 23:00:38.786781,TRADE,6096.25,1
2024-12-08 23:00:38.850893,TRADE,6096.25,2
2024-12-08 23:00:38.852336,TRADE,6096.25,2
2024-12-08 23:00:41.651862,TRADE,6096.0,3
2024-12-08 23:00:41.651862,TRADE,6095.75,1
2024-12-08 23:00:42.073679,TRADE,6096.25,1
2024-12-08 23:00:42.798802,TRADE,6096.0,1
2024-12-08 23:00:42.799418,TRADE,6096.0,1
2024-12-08 23:00:42.818946,TRADE,6096.0,1
2024-12-08 23:00:42.819659,TRADE,6096.0,1
2024-12-08 23:00:44.881934,TRADE,6095.75,1
2024-12-08 23:00:45.066067,TRADE,6096.0,1
2024-12-08 23:00:45.076525,TRADE,6096.0,1
2024-12-08 23:00:45.076933,TRADE,6096.0,2
2024-12-08 23:00:45.077193,TRADE,6096.0,1
2024-12-08 23:00:45.077438,TRADE,6096.0,1
2024-12-08 23:00:45.077728,TRADE,6096.0,1
2024-12-08 23:00:45.079491,TRADE,6096.0,1
2024-12-08 23:00:45.088757,TRADE,6096.0,1
2024-12-08 23:00:45.089394,TRADE,6096.0,1
2024-12-08 23:00:45.970740,TRADE,6096.0,1
2024-12-08 23:00:46.299231,TRADE,6096.0,1
2024-12-08 23:00:46.657722,TRADE,6096.0,2
2024-12-08 23:00:46.691130,TRADE,6096.0,1
2024-12-08 23:00:46.691402,TRADE,6096.0,1
2024-12-08 23:00:46.691940,TRADE,6096.0,1
2024-12-08 23:00:46.698491,TRADE,6096.0,1
2024-12-08 23:00:46.706231,TRADE,6096.0,1
2024-12-08 23:00:47.085668,TRADE,6096.25,7
2024-12-08 23:00:47.085668,TRADE,6096.5,8
2024-12-08 23:00:47.085668,TRADE,6096.75,25
2024-12-08 23:00:47.086245,TRADE,6096.75,1
2024-12-08 23:00:47.086819,TRADE,6096.75,9
2024-12-08 23:00:47.090375,TRADE,6096.5,2
2024-12-08 23:00:47.091106,TRADE,6096.5,2
2024-12-08 23:00:47.091779,TRADE,6096.5,1
2024-12-08 23:00:47.092419,TRADE,6096.5,1
2024-12-08 23:00:47.092920,TRADE,6096.5,1
2024-12-08 23:00:47.093148,TRADE,6096.5,1
2024-12-08 23:00:47.096881,TRADE,6096.5,1
2024-12-08 23:00:47.613806,TRADE,6096.25,6
2024-12-08 23:00:47.613806,TRADE,6096.0,4
2024-12-08 23:00:49.271360,TRADE,6096.25,7
2024-12-08 23:00:49.271360,TRADE,6096.5,11
2024-12-08 23:00:49.272591,TRADE,6096.5,1
2024-12-08 23:00:49.272833,TRADE,6096.5,4
2024-12-08 23:00:49.273682,TRADE,6096.5,1
2024-12-08 23:00:49.273936,TRADE,6096.5,26
2024-12-08 23:00:49.274450,TRADE,6096.5,2
2024-12-08 23:00:49.855646,TRADE,6096.25,1
2024-12-08 23:00:49.857674,TRADE,6096.25,1
2024-12-08 23:00:49.857981,TRADE,6096.25,1
2024-12-08 23:00:50.134044,TRADE,6096.25,2
2024-12-08 23:00:50.134044,TRADE,6096.0,6
2024-12-08 23:00:50.134044,TRADE,6095.75,9
2024-12-08 23:00:50.134044,TRADE,6095.5,8
2024-12-08 23:00:50.135768,TRADE,6096.0,1
2024-12-08 23:00:50.199155,TRADE,6096.25,1
2024-12-08 23:00:50.493608,TRADE,6096.0,2
2024-12-08 23:00:53.026983,TRADE,6096.25,1
2024-12-08 23:00:53.029709,TRADE,6096.25,4
2024-12-08 23:00:53.034321,TRADE,6096.25,1
2024-12-08 23:00:53.317775,TRADE,6096.25,4
2024-12-08 23:00:53.317775,TRADE,6096.0,4
2024-12-08 23:00:53.317775,TRADE,6095.75,2
2024-12-08 23:00:53.322831,TRADE,6096.0,1
2024-12-08 23:00:54.815625,TRADE,6096.0,1
2024-12-08 23:00:55.016590,TRADE,6096.0,6
2024-12-08 23:00:55.017103,TRADE,6096.0,15
2024-12-08 23:00:55.019481,TRADE,6096.0,1
2024-12-08 23:00:55.023246,TRADE,6096.0,1
2024-12-08 23:00:55.034252,TRADE,6096.0,2
2024-12-08 23:00:55.034773,TRADE,6096.0,4
2024-12-08 23:00:55.035570,TRADE,6096.0,1
2024-12-08 23:00:55.603704,TRADE,6096.25,3
2024-12-08 23:00:56.006930,TRADE,6096.0,2
2024-12-08 23:00:56.007468,TRADE,6095.75,1
2024-12-08 23:00:56.007685,TRADE,6095.75,1
2024-12-08 23:00:56.007925,TRADE,6095.75,1
2024-12-08 23:00:56.008164,TRADE,6095.75,1
2024-12-08 23:00:56.008487,TRADE,6096.0,1
2024-12-08 23:00:56.009034,TRADE,6096.0,1
2024-12-08 23:00:56.009364,TRADE,6096.0,1
2024-12-08 23:00:56.011285,TRADE,6096.0,1
2024-12-08 23:00:57.377908,TRADE,6096.0,2
2024-12-08 23:00:57.378873,TRADE,6096.0,2
2024-12-08 23:00:57.379251,TRADE,6096.0,1
2024-12-08 23:00:57.379552,TRADE,6096.0,6
2024-12-08 23:00:57.380111,TRADE,6096.0,1
2024-12-08 23:00:57.380556,TRADE,6096.0,2
2024-12-08 23:00:57.380997,TRADE,6096.0,2
2024-12-08 23:00:57.381226,TRADE,6096.0,1
2024-12-08 23:00:57.766014,TRADE,6096.0,1
2024-12-08 23:00:57.766287,TRADE,6096.0,1
2024-12-08 23:00:57.766538,TRADE,6096.0,1
2024-12-08 23:00:58.281537,TRADE,6096.0,1
2024-12-08 23:00:58.283890,TRADE,6096.0,1
2024-12-08 23:00:59.553160,TRADE,6095.75,7
2024-12-08 23:00:59.553160,TRADE,6095.5,3
2024-12-08 23:00:59.554794,TRADE,6095.75,1
2024-12-08 23:00:59.556525,TRADE,6095.5,1
2024-12-08 23:00:59.557170,TRADE,6095.5,2
2024-12-08 23:00:59.557678,TRADE,6095.5,1
2024-12-08 23:00:59.558022,TRADE,6095.5,1
2024-12-08 23:00:59.558530,TRADE,6095.5,1
2024-12-08 23:01:00.158776,TRADE,6095.75,1
2024-12-08 23:01:00.159295,TRADE,6095.75,1
2024-12-08 23:01:00.159753,TRADE,6095.75,1
2024-12-08 23:01:00.177559,TRADE,6095.75,2
2024-12-08 23:01:00.177559,TRADE,6096.0,1
2024-12-08 23:01:00.235401,TRADE,6096.0,4
2024-12-08 23:01:00.235401,TRADE,6096.25,1
2024-12-08 23:01:00.236679,TRADE,6095.75,1
2024-12-08 23:01:00.237359,TRADE,6096.0,1
2024-12-08 23:01:00.237774,TRADE,6096.0,1
2024-12-08 23:01:00.238259,TRADE,6096.0,1
2024-12-08 23:01:00.370907,TRADE,6096.0,1
2024-12-08 23:01:00.605045,TRADE,6095.5,2
2024-12-08 23:01:00.768920,TRADE,6095.5,2
2024-12-08 23:01:00.769961,TRADE,6095.5,1
2024-12-08 23:01:00.770509,TRADE,6095.5,1
2024-12-08 23:01:00.794150,TRADE,6095.5,1
2024-12-08 23:01:01.084879,TRADE,6095.75,1
2024-12-08 23:01:03.081324,TRADE,6095.5,5
2024-12-08 23:01:03.455467,TRADE,6095.5,1
2024-12-08 23:01:04.094319,TRADE,6095.5,1
2024-12-08 23:01:04.281127,TRADE,6095.5,1
2024-12-08 23:01:05.150418,TRADE,6095.25,2
2024-12-08 23:01:05.352509,TRADE,6095.5,1
2024-12-08 23:01:05.352991,TRADE,6095.5,1
2024-12-08 23:01:06.288383,TRADE,6095.25,1
2024-12-08 23:01:06.289585,TRADE,6095.25,1
2024-12-08 23:01:06.781008,TRADE,6095.5,1
2024-12-08 23:01:06.876023,TRADE,6095.5,1
2024-12-08 23:01:07.609951,TRADE,6095.25,1
2024-12-08 23:01:07.729578,TRADE,6095.75,1
2024-12-08 23:01:07.990889,TRADE,6095.75,2
2024-12-08 23:01:08.514654,TRADE,6095.5,1
2024-12-08 23:01:10.011950,TRADE,6095.75,2
2024-12-08 23:01:10.012182,TRADE,6095.75,1
2024-12-08 23:01:10.012426,TRADE,6095.75,6
2024-12-08 23:01:10.012664,TRADE,6095.75,4
2024-12-08 23:01:10.444898,TRADE,6096.0,1
2024-12-08 23:01:10.907622,TRADE,6095.5,1
2024-12-08 23:01:15.102244,TRADE,6095.75,1
2024-12-08 23:01:16.961886,TRADE,6095.5,1
2024-12-08 23:01:17.089108,TRADE,6095.75,1
2024-12-08 23:01:17.917599,TRADE,6095.25,1
2024-12-08 23:01:18.023806,TRADE,6095.75,1
2024-12-08 23:01:22.051544,TRADE,6095.5,1
2024-12-08 23:01:22.051608,TRADE,6095.75,1
2024-12-08 23:01:22.052125,TRADE,6095.5,1
2024-12-08 23:01:22.053013,TRADE,6095.5,1
2024-12-08 23:01:22.053748,TRADE,6095.5,1
2024-12-08 23:01:28.949419,TRADE,6095.25,1
2024-12-08 23:01:29.275405,TRADE,6095.25,1
2024-12-08 23:01:29.804129,TRADE,6095.5,5
2024-12-08 23:01:29.804837,TRADE,6095.5,2
2024-12-08 23:01:29.805369,TRADE,6095.5,1
2024-12-08 23:01:30.142114,TRADE,6095.5,1
2024-12-08 23:01:30.142977,TRADE,6095.75,1
2024-12-08 23:01:30.168490,TRADE,6095.5,1
2024-12-08 23:01:30.315523,TRADE,6095.75,1
2024-12-08 23:01:30.316911,TRADE,6095.75,4
2024-12-08 23:01:30.318032,TRADE,6095.75,14
2024-12-08 23:01:30.322202,TRADE,6095.75,1
2024-12-08 23:01:32.992331,TRADE,6095.5,1
2024-12-08 23:01:36.945989,TRADE,6095.75,2
2024-12-08 23:01:36.946434,TRADE,6095.75,1
2024-12-08 23:01:36.946869,TRADE,6095.75,1
2024-12-08 23:01:39.733368,TRADE,6095.75,1
2024-12-08 23:01:40.113459,TRADE,6095.75,1
2024-12-08 23:01:40.113843,TRADE,6095.75,1
2024-12-08 23:01:40.114329,TRADE,6095.75,1
2024-12-08 23:01:40.119001,TRADE,6095.75,1
2024-12-08 23:01:40.126479,TRADE,6095.75,1
2024-12-08 23:01:40.225147,TRADE,6095.75,2
2024-12-08 23:01:40.225678,TRADE,6095.75,1
2024-12-08 23:01:40.363237,TRADE,6095.5,1
2024-12-08 23:01:43.361109,TRADE,6096.0,1
2024-12-08 23:01:43.565832,TRADE,6095.75,1
2024-12-08 23:01:43.566320,TRADE,6095.75,2
2024-12-08 23:01:45.221099,TRADE,6095.75,1
2024-12-08 23:01:45.221506,TRADE,6095.75,1
2024-12-08 23:01:45.221951,TRADE,6095.75,1
2024-12-08 23:01:46.222192,TRADE,6096.0,1
2024-12-08 23:01:49.960150,TRADE,6095.75,1
2024-12-08 23:01:50.159653,TRADE,6096.0,2
2024-12-08 23:01:50.462897,TRADE,6095.75,1
2024-12-08 23:01:51.117264,TRADE,6096.0,14
2024-12-08 23:01:51.118900,TRADE,6095.75,1
2024-12-08 23:01:54.603207,TRADE,6096.25,1
2024-12-08 23:01:54.603221,TRADE,6096.25,4
2024-12-08 23:01:54.603988,TRADE,6096.25,6
2024-12-08 23:01:55.603244,TRADE,6096.25,2
2024-12-08 23:01:55.603968,TRADE,6096.25,1
2024-12-08 23:01:55.604415,TRADE,6096.25,1
2024-12-08 23:01:57.848241,TRADE,6096.25,1
2024-12-08 23:01:59.531348,TRADE,6096.25,1
2024-12-08 23:01:59.532201,TRADE,6096.25,1
2024-12-08 23:02:01.121187,TRADE,6096.25,1
2024-12-08 23:02:03.708496,TRADE,6096.0,1
2024-12-08 23:02:04.665255,TRADE,6096.0,1
2024-12-08 23:02:04.665621,TRADE,6096.0,1
2024-12-08 23:02:05.220068,TRADE,6096.0,1
2024-12-08 23:02:05.220469,TRADE,6096.0,1
2024-12-08 23:02:08.681440,TRADE,6095.75,1
2024-12-08 23:02:10.109897,TRADE,6095.75,1
2024-12-08 23:02:11.017206,TRADE,6095.75,2
2024-12-08 23:02:11.791618,TRADE,6096.0,1
2024-12-08 23:02:13.071329,TRADE,6096.0,1
2024-12-08 23:02:15.055706,TRADE,6095.75,1
2024-12-08 23:02:17.489487,TRADE,6095.75,2
2024-12-08 23:02:17.489841,TRADE,6095.75,1
2024-12-08 23:02:18.105225,TRADE,6096.0,5
2024-12-08 23:02:21.427132,TRADE,6096.25,5
2024-12-08 23:02:21.872650,TRADE,6096.0,2
2024-12-08 23:02:22.740779,TRADE,6096.5,1
2024-12-08 23:02:26.335811,TRADE,6096.25,1
2024-12-08 23:02:26.336137,TRADE,6096.25,1
2024-12-08 23:02:26.900571,TRADE,6096.25,1
2024-12-08 23:02:35.834495,TRADE,6096.25,1
2024-12-08 23:02:38.570112,TRADE,6096.5,1
2024-12-08 23:02:38.571493,TRADE,6096.5,8
2024-12-08 23:02:39.497580,TRADE,6096.75,5
2024-12-08 23:02:39.501842,TRADE,6096.75,1
2024-12-08 23:02:41.761773,TRADE,6096.75,1
2024-12-08 23:02:41.761773,TRADE,6097.0,4
2024-12-08 23:02:41.864165,TRADE,6096.75,1
2024-12-08 23:02:42.094476,TRADE,6096.75,2
2024-12-08 23:02:42.710887,TRADE,6096.75,1
2024-12-08 23:02:42.710887,TRADE,6097.0,1
2024-12-08 23:02:43.790366,TRADE,6097.0,3
2024-12-08 23:02:43.934547,TRADE,6096.75,1
2024-12-08 23:02:44.178358,TRADE,6097.0,1
2024-12-08 23:02:48.042121,TRADE,6097.0,1
2024-12-08 23:02:54.408447,TRADE,6096.75,1
2024-12-08 23:02:55.180775,TRADE,6096.75,4
2024-12-08 23:02:55.470004,TRADE,6096.5,4
2024-12-08 23:02:58.235611,TRADE,6096.25,2
2024-12-08 23:02:59.008183,TRADE,6096.5,1
2024-12-08 23:02:59.008543,TRADE,6096.5,2
2024-12-08 23:02:59.009215,TRADE,6096.5,2
2024-12-08 23:02:59.009522,TRADE,6096.5,1
2024-12-08 23:03:02.625692,TRADE,6096.5,1
2024-12-08 23:03:05.014088,TRADE,6096.5,1
2024-12-08 23:03:11.341761,TRADE,6096.5,1
2024-12-08 23:03:12.620430,TRADE,6096.5,2
2024-12-08 23:03:12.620430,TRADE,6096.75,1
2024-12-08 23:03:12.621039,TRADE,6096.5,1
2024-12-08 23:03:12.621204,TRADE,6096.5,1
2024-12-08 23:03:15.046585,TRADE,6096.25,2
2024-12-08 23:03:15.046750,TRADE,6096.25,6
2024-12-08 23:03:16.025876,TRADE,6096.0,16
2024-12-08 23:03:16.027640,TRADE,6096.0,2
2024-12-08 23:03:16.027961,TRADE,6096.0,1
2024-12-08 23:03:17.623680,TRADE,6096.0,1
2024-12-08 23:03:17.624156,TRADE,6096.0,1
2024-12-08 23:03:17.624654,TRADE,6096.0,1
2024-12-08 23:03:23.834674,TRADE,6096.0,5
2024-12-08 23:03:25.903357,TRADE,6096.0,1
2024-12-08 23:03:25.903673,TRADE,6096.0,2
2024-12-08 23:03:25.904568,TRADE,6096.0,1
2024-12-08 23:03:27.140519,TRADE,6096.0,2
2024-12-08 23:03:31.420125,TRADE,6096.0,1
2024-12-08 23:03:31.420950,TRADE,6096.0,1
2024-12-08 23:03:31.421455,TRADE,6096.0,7
2024-12-08 23:03:31.421639,TRADE,6096.25,1
2024-12-08 23:03:31.422015,TRADE,6096.25,1
2024-12-08 23:03:31.422256,TRADE,6096.0,1
2024-12-08 23:03:31.497709,TRADE,6096.25,1
2024-12-08 23:03:32.545021,TRADE,6095.75,1
2024-12-08 23:03:37.016181,TRADE,6096.0,1
2024-12-08 23:03:40.247487,TRADE,6096.0,1
2024-12-08 23:03:40.247970,TRADE,6096.0,1
2024-12-08 23:03:43.065268,TRADE,6096.0,1
2024-12-08 23:03:43.065692,TRADE,6096.0,1
2024-12-08 23:03:48.183238,TRADE,6096.0,2
2024-12-08 23:03:48.183707,TRADE,6096.0,1
2024-12-08 23:03:48.184275,TRADE,6096.0,2
2024-12-08 23:03:49.013172,TRADE,6096.0,1
2024-12-08 23:03:49.031663,TRADE,6096.0,1
2024-12-08 23:03:51.101298,TRADE,6096.25,2
2024-12-08 23:03:53.031955,TRADE,6096.0,2
2024-12-08 23:03:53.032548,TRADE,6096.0,1
2024-12-08 23:03:53.670196,TRADE,6096.0,1
2024-12-08 23:03:56.386335,TRADE,6096.25,9
2024-12-08 23:03:58.130773,TRADE,6096.0,1
2024-12-08 23:03:58.131087,TRADE,6096.0,1
2024-12-08 23:03:58.331131,TRADE,6096.0,1
2024-12-08 23:03:59.073917,TRADE,6096.0,1
2024-12-08 23:04:00.024289,TRADE,6096.0,1
2024-12-08 23:04:00.026511,TRADE,6096.0,1
2024-12-08 23:04:00.972219,TRADE,6096.0,1
2024-12-08 23:04:00.972219,TRADE,6095.75,12
2024-12-08 23:04:00.972219,TRADE,6095.5,7
2024-12-08 23:04:03.332263,TRADE,6095.75,1
2024-12-08 23:04:03.332689,TRADE,6095.75,1
2024-12-08 23:04:03.332952,TRADE,6095.75,1
2024-12-08 23:04:05.955282,TRADE,6095.75,3
2024-12-08 23:04:17.049456,TRADE,6096.0,2
2024-12-08 23:04:18.898592,TRADE,6096.0,2
2024-12-08 23:04:18.898719,TRADE,6096.0,2
2024-12-08 23:04:18.898904,TRADE,6096.0,7
2024-12-08 23:04:20.081363,TRADE,6096.25,1
2024-12-08 23:04:20.440147,TRADE,6096.25,1
2024-12-08 23:04:20.932601,TRADE,6096.0,4
2024-12-08 23:04:20.932857,TRADE,6096.0,1
2024-12-08 23:04:20.933015,TRADE,6096.0,1
2024-12-08 23:04:20.933337,TRADE,6096.0,1
2024-12-08 23:04:20.942578,TRADE,6096.0,1
2024-12-08 23:04:21.543454,TRADE,6096.0,3
2024-12-08 23:04:22.783197,TRADE,6096.25,2
2024-12-08 23:04:22.783469,TRADE,6096.25,1
2024-12-08 23:04:23.533095,TRADE,6096.25,2
2024-12-08 23:04:23.533245,TRADE,6096.25,2
2024-12-08 23:04:23.533564,TRADE,6096.25,6
2024-12-08 23:04:23.553675,TRADE,6096.25,1
2024-12-08 23:04:24.708175,TRADE,6096.5,3
2024-12-08 23:04:24.708563,TRADE,6096.5,7
2024-12-08 23:04:24.709535,TRADE,6096.5,2
2024-12-08 23:04:24.710006,TRADE,6096.5,1
2024-12-08 23:04:24.710172,TRADE,6096.5,2
2024-12-08 23:04:24.710358,TRADE,6096.5,1
2024-12-08 23:04:24.710445,TRADE,6096.5,1
2024-12-08 23:04:24.718093,TRADE,6096.5,1
2024-12-08 23:04:24.815460,TRADE,6096.5,1
2024-12-08 23:04:26.214051,TRADE,6096.75,1
2024-12-08 23:04:26.214063,TRADE,6096.75,4
2024-12-08 23:04:28.102871,TRADE,6096.75,1
2024-12-08 23:04:28.849278,TRADE,6096.75,1
2024-12-08 23:04:30.009056,TRADE,6096.5,5
2024-12-08 23:04:37.216506,TRADE,6096.75,1
2024-12-08 23:04:38.580855,TRADE,6096.5,3
2024-12-08 23:04:41.695795,TRADE,6096.75,4
2024-12-08 23:04:41.758753,TRADE,6096.75,2
2024-12-08 23:04:41.760786,TRADE,6096.75,2
2024-12-08 23:04:41.908306,TRADE,6096.5,1
2024-12-08 23:04:43.268174,TRADE,6096.75,1
2024-12-08 23:04:43.365142,TRADE,6097.0,5
2024-12-08 23:04:43.586193,TRADE,6097.0,5
2024-12-08 23:04:43.587207,TRADE,6097.0,1
2024-12-08 23:04:43.587544,TRADE,6097.0,2
2024-12-08 23:04:43.587937,TRADE,6097.0,1
2024-12-08 23:04:43.597202,TRADE,6097.0,1
2024-12-08 23:04:43.597519,TRADE,6097.0,1
2024-12-08 23:04:45.061662,TRADE,6096.75,1
2024-12-08 23:04:45.061926,TRADE,6096.75,2
2024-12-08 23:04:45.062036,TRADE,6096.75,1
2024-12-08 23:04:45.062621,TRADE,6096.75,3
2024-12-08 23:04:45.063180,TRADE,6096.75,1
2024-12-08 23:04:45.063391,TRADE,6096.75,1
2024-12-08 23:04:46.104860,TRADE,6097.0,2
2024-12-08 23:04:46.105083,TRADE,6097.0,1
2024-12-08 23:04:46.105248,TRADE,6097.0,2
2024-12-08 23:04:46.239196,TRADE,6097.0,1
2024-12-08 23:04:47.494963,TRADE,6097.0,1
2024-12-08 23:04:50.175410,TRADE,6096.75,1
2024-12-08 23:04:50.259899,TRADE,6096.5,1
2024-12-08 23:04:54.443051,TRADE,6096.5,1
2024-12-08 23:04:58.976815,TRADE,6096.5,2
2024-12-08 23:05:01.339103,TRADE,6096.75,1
2024-12-08 23:05:01.381971,TRADE,6096.75,2
2024-12-08 23:05:01.383209,TRADE,6096.75,1
2024-12-08 23:05:03.150324,TRADE,6096.75,1
2024-12-08 23:05:03.150629,TRADE,6096.75,1
2024-12-08 23:05:03.830978,TRADE,6096.5,6
2024-12-08 23:05:03.888071,TRADE,6096.75,1
2024-12-08 23:05:08.979543,TRADE,6096.75,1
2024-12-08 23:05:08.979793,TRADE,6096.75,1
2024-12-08 23:05:08.979933,TRADE,6096.75,1
2024-12-08 23:05:08.980226,TRADE,6096.75,1
2024-12-08 23:05:08.980862,TRADE,6096.75,2
2024-12-08 23:05:08.981474,TRADE,6096.75,1
2024-12-08 23:05:08.981616,TRADE,6096.75,1
2024-12-08 23:05:10.219898,TRADE,6096.75,2
2024-12-08 23:05:10.220427,TRADE,6096.75,1
2024-12-08 23:05:10.220645,TRADE,6096.75,1
2024-12-08 23:05:18.090975,TRADE,6096.75,8
2024-12-08 23:05:20.254326,TRADE,6096.75,1
2024-12-08 23:05:24.358948,TRADE,6096.75,1
2024-12-08 23:05:24.358978,TRADE,6096.75,1
2024-12-08 23:05:24.359200,TRADE,6096.75,1
2024-12-08 23:05:25.438256,TRADE,6097.0,2
2024-12-08 23:05:25.438361,TRADE,6096.75,1
2024-12-08 23:05:25.439028,TRADE,6096.75,1
2024-12-08 23:05:25.439375,TRADE,6096.75,1
2024-12-08 23:05:25.709189,TRADE,6097.0,5
2024-12-08 23:05:27.620177,TRADE,6097.25,2
2024-12-08 23:05:28.091385,TRADE,6097.25,1
2024-12-08 23:05:30.194115,TRADE,6097.25,9
2024-12-08 23:05:30.194115,TRADE,6097.5,1
2024-12-08 23:05:30.194126,TRADE,6097.5,1
2024-12-08 23:05:30.194126,TRADE,6097.5,1
2024-12-08 23:05:31.941370,TRADE,6097.5,5
2024-12-08 23:05:31.944578,TRADE,6097.5,2
2024-12-08 23:05:31.944896,TRADE,6097.5,4
2024-12-08 23:05:31.944989,TRADE,6097.5,1
2024-12-08 23:05:31.964169,TRADE,6097.5,2
2024-12-08 23:05:31.964543,TRADE,6097.5,4
2024-12-08 23:05:33.015407,TRADE,6097.25,7
2024-12-08 23:05:33.016679,TRADE,6097.0,5
2024-12-08 23:05:33.017404,TRADE,6097.0,1
2024-12-08 23:05:33.018381,TRADE,6097.0,1
2024-12-08 23:05:36.874842,TRADE,6097.25,2
2024-12-08 23:05:41.578402,TRADE,6097.25,8
2024-12-08 23:05:41.578402,TRADE,6097.5,2
2024-12-08 23:05:41.579043,TRADE,6097.25,1
2024-12-08 23:05:41.579201,TRADE,6097.25,1
2024-12-08 23:05:41.579349,TRADE,6097.25,2
2024-12-08 23:05:41.579673,TRADE,6097.25,2
2024-12-08 23:05:41.579951,TRADE,6097.25,1
2024-12-08 23:05:41.717955,TRADE,6097.25,8
2024-12-08 23:05:41.718357,TRADE,6097.25,2
2024-12-08 23:05:41.718549,TRADE,6097.25,9
2024-12-08 23:05:42.456446,TRADE,6097.25,1
2024-12-08 23:05:48.393484,TRADE,6097.0,4
2024-12-08 23:05:50.100984,TRADE,6096.75,2
2024-12-08 23:05:50.117731,TRADE,6096.75,3
2024-12-08 23:05:50.435881,TRADE,6097.0,9
2024-12-08 23:05:50.435881,TRADE,6097.25,1
2024-12-08 23:05:50.437610,TRADE,6097.0,1
2024-12-08 23:05:50.437939,TRADE,6097.0,1
2024-12-08 23:05:50.438148,TRADE,6097.0,1
2024-12-08 23:05:50.438530,TRADE,6097.0,1
2024-12-08 23:05:50.765934,TRADE,6097.0,2
2024-12-08 23:05:50.822586,TRADE,6097.0,2
2024-12-08 23:05:50.822586,TRADE,6097.25,3
2024-12-08 23:05:51.596352,TRADE,6097.25,1
2024-12-08 23:05:51.596605,TRADE,6097.25,1
2024-12-08 23:05:52.939002,TRADE,6097.25,1
2024-12-08 23:05:52.939300,TRADE,6097.25,1
2024-12-08 23:05:52.939821,TRADE,6097.25,2
2024-12-08 23:05:53.550174,TRADE,6097.25,1
2024-12-08 23:05:58.880465,TRADE,6097.25,1
2024-12-08 23:06:05.220991,TRADE,6097.25,1
2024-12-08 23:06:05.221853,TRADE,6097.25,1
2024-12-08 23:06:05.222064,TRADE,6097.25,1
2024-12-08 23:06:05.978259,TRADE,6097.0,2
2024-12-08 23:06:05.978543,TRADE,6097.0,1
2024-12-08 23:06:11.015211,TRADE,6097.25,1
2024-12-08 23:06:11.017118,TRADE,6097.25,1
2024-12-08 23:06:11.017255,TRADE,6097.25,2
2024-12-08 23:06:11.017620,TRADE,6097.25,1
2024-12-08 23:06:11.019220,TRADE,6097.25,1
2024-12-08 23:06:11.019674,TRADE,6097.25,1
2024-12-08 23:06:12.749537,TRADE,6097.5,13
2024-12-08 23:06:12.749537,TRADE,6097.75,7
2024-12-08 23:06:12.751175,TRADE,6097.5,4
2024-12-08 23:06:12.751576,TRADE,6097.5,5
2024-12-08 23:06:12.751894,TRADE,6097.5,2
2024-12-08 23:06:12.753837,TRADE,6097.5,1
2024-12-08 23:06:15.458953,TRADE,6097.5,1
2024-12-08 23:06:16.670176,TRADE,6097.5,2
2024-12-08 23:06:16.670463,TRADE,6097.5,1
2024-12-08 23:06:16.670610,TRADE,6097.5,2
2024-12-08 23:06:16.670767,TRADE,6097.5,1
2024-12-08 23:06:16.671097,TRADE,6097.5,1
2024-12-08 23:06:16.710555,TRADE,6097.5,1
2024-12-08 23:06:16.710811,TRADE,6097.5,1
2024-12-08 23:06:16.710944,TRADE,6097.5,1
2024-12-08 23:06:16.711442,TRADE,6097.5,1
2024-12-08 23:06:16.832214,TRADE,6097.5,1
2024-12-08 23:06:16.981502,TRADE,6097.75,1
2024-12-08 23:06:17.060730,TRADE,6097.75,1
2024-12-08 23:06:18.193628,TRADE,6097.5,3
2024-12-08 23:06:18.193628,TRADE,6097.25,1
2024-12-08 23:06:18.247654,TRADE,6097.25,8
2024-12-08 23:06:18.247654,TRADE,6097.0,11
2024-12-08 23:06:18.249950,TRADE,6096.75,3
2024-12-08 23:06:18.250116,TRADE,6096.75,1
2024-12-08 23:06:18.250409,TRADE,6096.75,1
2024-12-08 23:06:18.250532,TRADE,6096.75,2
2024-12-08 23:06:18.250640,TRADE,6096.75,1
2024-12-08 23:06:18.250849,TRADE,6096.75,3
2024-12-08 23:06:18.250964,TRADE,6096.75,1
2024-12-08 23:06:18.411317,TRADE,6096.75,2
2024-12-08 23:06:18.775358,TRADE,6097.0,1
2024-12-08 23:06:19.674332,TRADE,6096.75,1
2024-12-08 23:06:19.674445,TRADE,6096.5,1
2024-12-08 23:06:20.936705,TRADE,6096.75,1
2024-12-08 23:06:20.937511,TRADE,6096.75,1
2024-12-08 23:06:21.242491,TRADE,6096.75,1
2024-12-08 23:06:21.585262,TRADE,6096.75,1
2024-12-08 23:06:23.482935,TRADE,6096.75,1
2024-12-08 23:06:23.483220,TRADE,6096.75,1
2024-12-08 23:06:30.004345,TRADE,6096.75,3
2024-12-08 23:06:30.004650,TRADE,6096.75,1
2024-12-08 23:06:30.004955,TRADE,6096.75,1
2024-12-08 23:06:34.471571,TRADE,6096.75,1
2024-12-08 23:06:35.918906,TRADE,6096.75,1
2024-12-08 23:06:38.351388,TRADE,6097.0,37
2024-12-08 23:06:38.458930,TRADE,6097.25,1
2024-12-08 23:06:38.459092,TRADE,6097.25,3
2024-12-08 23:06:38.459289,TRADE,6097.25,9
2024-12-08 23:06:39.092103,TRADE,6097.5,2
2024-12-08 23:06:39.092112,TRADE,6097.5,4
2024-12-08 23:06:39.092607,TRADE,6097.5,1
2024-12-08 23:06:40.501382,TRADE,6097.5,1
2024-12-08 23:06:40.502367,TRADE,6097.5,1
2024-12-08 23:06:40.502679,TRADE,6097.5,1
2024-12-08 23:06:40.502811,TRADE,6097.5,1
2024-12-08 23:06:40.502991,TRADE,6097.5,3
2024-12-08 23:06:40.956754,TRADE,6097.5,1
2024-12-08 23:06:40.957212,TRADE,6097.5,1
2024-12-08 23:06:41.522882,TRADE,6097.75,25
2024-12-08 23:06:41.864179,TRADE,6098.0,5
2024-12-08 23:06:41.864191,TRADE,6098.0,2
2024-12-08 23:06:41.864191,TRADE,6098.0,1
2024-12-08 23:06:41.864191,TRADE,6098.0,1
2024-12-08 23:06:41.864348,TRADE,6098.0,1
2024-12-08 23:06:41.864410,TRADE,6098.0,1
2024-12-08 23:06:41.864538,TRADE,6098.0,2
2024-12-08 23:06:41.864668,TRADE,6098.0,1
2024-12-08 23:06:41.865288,TRADE,6098.0,1
2024-12-08 23:06:42.902410,TRADE,6098.0,1
2024-12-08 23:06:43.059683,TRADE,6098.0,1
2024-12-08 23:06:43.543964,TRADE,6098.0,1
2024-12-08 23:06:43.851451,TRADE,6098.0,1
2024-12-08 23:06:43.851783,TRADE,6098.0,2
2024-12-08 23:06:43.852241,TRADE,6098.0,1
2024-12-08 23:06:44.038441,TRADE,6097.75,1
2024-12-08 23:06:44.142681,TRADE,6098.0,1
2024-12-08 23:06:44.293315,TRADE,6098.0,1
2024-12-08 23:06:45.234210,TRADE,6098.0,5
2024-12-08 23:06:45.234210,TRADE,6097.75,5
2024-12-08 23:06:45.697343,TRADE,6098.0,1
2024-12-08 23:06:49.168485,TRADE,6098.25,1
2024-12-08 23:06:49.168499,TRADE,6098.25,1
2024-12-08 23:06:49.168499,TRADE,6098.25,1
2024-12-08 23:06:49.295524,TRADE,6098.0,1
2024-12-08 23:06:50.852448,TRADE,6098.0,1
2024-12-08 23:06:51.966845,TRADE,6098.0,1
2024-12-08 23:06:52.892225,TRADE,6097.75,3
2024-12-08 23:06:54.278736,TRADE,6098.0,1
2024-12-08 23:06:54.279040,TRADE,6098.0,1
2024-12-08 23:06:55.724082,TRADE,6098.0,2
2024-12-08 23:06:56.571534,TRADE,6098.0,2
2024-12-08 23:06:56.571795,TRADE,6098.0,1
2024-12-08 23:06:56.626090,TRADE,6098.0,2
2024-12-08 23:07:04.370613,TRADE,6098.0,7
2024-12-08 23:07:04.370613,TRADE,6098.25,24
2024-12-08 23:07:04.370613,TRADE,6098.5,9
2024-12-08 23:07:04.445952,TRADE,6098.0,1
2024-12-08 23:07:04.446397,TRADE,6098.0,1
2024-12-08 23:07:04.446665,TRADE,6098.0,1
2024-12-08 23:07:05.358373,TRADE,6098.0,1
2024-12-08 23:07:05.501690,TRADE,6098.0,1
2024-12-08 23:07:05.502317,TRADE,6098.0,1
2024-12-08 23:07:06.013659,TRADE,6098.0,1
2024-12-08 23:07:06.013942,TRADE,6098.0,1
2024-12-08 23:07:06.198884,TRADE,6098.0,1
2024-12-08 23:07:07.080781,TRADE,6098.0,2
2024-12-08 23:07:09.327370,TRADE,6098.0,1
2024-12-08 23:07:12.570037,TRADE,6097.75,1
2024-12-08 23:07:13.157195,TRADE,6097.75,1
2024-12-08 23:07:13.158444,TRADE,6097.75,1
2024-12-08 23:07:14.617705,TRADE,6097.75,3
2024-12-08 23:07:14.618403,TRADE,6097.75,18
2024-12-08 23:07:14.618570,TRADE,6097.75,8
2024-12-08 23:07:14.618770,TRADE,6097.75,1
2024-12-08 23:07:14.619050,TRADE,6097.75,4
2024-12-08 23:07:14.619276,TRADE,6097.75,2
2024-12-08 23:07:14.619596,TRADE,6098.0,4
2024-12-08 23:07:14.619694,TRADE,6098.0,1
2024-12-08 23:07:14.619919,TRADE,6098.0,1
2024-12-08 23:07:14.620053,TRADE,6098.0,1
2024-12-08 23:07:14.620213,TRADE,6098.0,1
2024-12-08 23:07:14.620333,TRADE,6098.0,1
2024-12-08 23:07:14.620446,TRADE,6098.0,1
2024-12-08 23:07:17.636002,TRADE,6098.25,7
2024-12-08 23:07:17.636301,TRADE,6098.25,1
2024-12-08 23:07:17.636404,TRADE,6098.25,1
2024-12-08 23:07:17.636569,TRADE,6098.25,1
2024-12-08 23:07:19.616790,TRADE,6098.25,1
2024-12-08 23:07:24.536295,TRADE,6098.5,19
2024-12-08 23:07:24.536295,TRADE,6098.75,1
2024-12-08 23:07:24.536971,TRADE,6098.5,1
2024-12-08 23:07:24.537189,TRADE,6098.5,1
2024-12-08 23:07:24.537298,TRADE,6098.5,1
2024-12-08 23:07:24.537484,TRADE,6098.5,1
2024-12-08 23:07:24.537765,TRADE,6098.5,1
2024-12-08 23:07:24.538010,TRADE,6098.5,1
2024-12-08 23:07:24.538849,TRADE,6098.25,1
2024-12-08 23:07:24.539018,TRADE,6098.25,2
2024-12-08 23:07:24.541208,TRADE,6098.0,2
2024-12-08 23:07:24.542241,TRADE,6098.0,1
2024-12-08 23:07:24.552002,TRADE,6097.75,1
2024-12-08 23:07:24.552299,TRADE,6097.75,2
2024-12-08 23:07:24.748044,TRADE,6098.0,1
2024-12-08 23:07:26.798658,TRADE,6098.0,1
2024-12-08 23:07:29.024019,TRADE,6098.0,5
2024-12-08 23:07:30.529259,TRADE,6098.0,1
2024-12-08 23:07:31.313295,TRADE,6098.25,1
2024-12-08 23:07:34.353088,TRADE,6098.25,9
2024-12-08 23:07:34.353088,TRADE,6098.5,17
2024-12-08 23:07:34.353434,TRADE,6098.5,1
2024-12-08 23:07:34.354276,TRADE,6098.5,1
2024-12-08 23:07:34.354400,TRADE,6098.5,1
2024-12-08 23:07:34.354827,TRADE,6098.5,1
2024-12-08 23:07:34.355019,TRADE,6098.5,1
2024-12-08 23:07:34.355220,TRADE,6098.5,3
2024-12-08 23:07:35.125010,TRADE,6098.25,1
2024-12-08 23:07:36.484035,TRADE,6098.5,1
2024-12-08 23:07:36.484362,TRADE,6098.5,1
2024-12-08 23:07:36.616871,TRADE,6098.5,1
2024-12-08 23:07:36.617330,TRADE,6098.5,1
2024-12-08 23:07:36.617513,TRADE,6098.5,2
2024-12-08 23:07:37.041703,TRADE,6098.5,1
2024-12-08 23:07:37.042113,TRADE,6098.5,1
2024-12-08 23:07:37.042318,TRADE,6098.5,2
2024-12-08 23:07:38.256528,TRADE,6098.5,1
2024-12-08 23:07:38.256954,TRADE,6098.5,1
2024-12-08 23:07:38.951524,TRADE,6098.5,1
2024-12-08 23:07:38.953485,TRADE,6098.5,1
2024-12-08 23:07:38.953575,TRADE,6098.5,1
2024-12-08 23:07:42.019585,TRADE,6098.5,1
2024-12-08 23:07:42.020021,TRADE,6098.5,1
2024-12-08 23:07:43.102525,TRADE,6098.25,1
2024-12-08 23:07:44.584978,TRADE,6098.25,1
2024-12-08 23:07:46.852928,TRADE,6098.5,1
2024-12-08 23:07:47.455931,TRADE,6098.5,1
2024-12-08 23:07:49.803068,TRADE,6098.5,2
2024-12-08 23:07:49.803068,TRADE,6098.75,38
2024-12-08 23:07:50.766712,TRADE,6098.75,1
2024-12-08 23:07:54.577486,TRADE,6098.75,1
2024-12-08 23:07:55.484698,TRADE,6098.75,1
2024-12-08 23:07:57.015032,TRADE,6098.75,1
2024-12-08 23:07:57.663303,TRADE,6098.5,1
2024-12-08 23:07:57.970191,TRADE,6098.5,1
2024-12-08 23:07:58.170486,TRADE,6098.75,1
2024-12-08 23:07:59.329578,TRADE,6098.5,2
2024-12-08 23:07:59.793282,TRADE,6098.5,4
2024-12-08 23:07:59.793965,TRADE,6098.5,3
2024-12-08 23:07:59.897226,TRADE,6098.5,4
2024-12-08 23:07:59.897670,TRADE,6098.5,1
2024-12-08 23:07:59.898166,TRADE,6098.5,1
2024-12-08 23:07:59.899242,TRADE,6098.75,1
2024-12-08 23:08:00.250786,TRADE,6098.75,1
2024-12-08 23:08:00.986668,TRADE,6098.5,1
2024-12-08 23:08:01.250946,TRADE,6098.75,1
2024-12-08 23:08:01.584258,TRADE,6098.75,1
2024-12-08 23:08:01.584730,TRADE,6098.5,1
2024-12-08 23:08:02.856671,TRADE,6098.75,2
2024-12-08 23:08:04.567929,TRADE,6098.5,1
2024-12-08 23:08:06.224346,TRADE,6098.75,1
2024-12-08 23:08:06.240980,TRADE,6098.5,2
2024-12-08 23:08:13.659841,TRADE,6098.75,3
2024-12-08 23:08:13.660113,TRADE,6098.75,1
2024-12-08 23:08:13.660428,TRADE,6098.75,1
2024-12-08 23:08:14.760830,TRADE,6098.75,1
2024-12-08 23:08:15.141023,TRADE,6098.5,1
2024-12-08 23:08:15.490921,TRADE,6098.75,13
2024-12-08 23:08:15.490921,TRADE,6099.0,29
2024-12-08 23:08:15.491932,TRADE,6099.0,2
2024-12-08 23:08:15.493319,TRADE,6099.0,1
2024-12-08 23:08:15.493732,TRADE,6099.25,4
2024-12-08 23:08:15.493743,TRADE,6099.25,2
2024-12-08 23:08:15.493743,TRADE,6099.25,2
2024-12-08 23:08:15.493863,TRADE,6099.25,1
2024-12-08 23:08:15.494735,TRADE,6099.25,1
2024-12-08 23:08:15.494762,TRADE,6099.25,1
2024-12-08 23:08:15.494894,TRADE,6099.25,1
2024-12-08 23:08:15.495461,TRADE,6099.25,1
2024-12-08 23:08:15.495574,TRADE,6099.25,1
2024-12-08 23:08:15.495751,TRADE,6099.25,1
2024-12-08 23:08:15.495865,TRADE,6099.25,1
2024-12-08 23:08:15.495994,TRADE,6099.25,1
2024-12-08 23:08:15.496107,TRADE,6099.25,1
2024-12-08 23:08:15.496251,TRADE,6099.25,1
2024-12-08 23:08:15.496499,TRADE,6099.25,1
2024-12-08 23:08:15.496746,TRADE,6099.25,1
2024-12-08 23:08:15.496881,TRADE,6099.25,1
2024-12-08 23:08:15.497017,TRADE,6099.25,1
2024-12-08 23:08:15.497160,TRADE,6099.25,1
2024-12-08 23:08:15.515056,TRADE,6099.0,4
2024-12-08 23:08:16.423314,TRADE,6099.25,1
2024-12-08 23:08:16.549873,TRADE,6099.25,1
2024-12-08 23:08:17.189909,TRADE,6099.25,1
2024-12-08 23:08:17.395778,TRADE,6099.25,1
2024-12-08 23:08:18.015224,TRADE,6099.25,1
2024-12-08 23:08:18.748611,TRADE,6099.25,1
2024-12-08 23:08:22.492705,TRADE,6099.0,1
2024-12-08 23:08:22.492746,TRADE,6099.0,1
2024-12-08 23:08:22.993841,TRADE,6099.25,4
2024-12-08 23:08:22.998326,TRADE,6099.0,1
2024-12-08 23:08:24.250460,TRADE,6099.25,1
2024-12-08 23:08:26.855067,TRADE,6099.0,1
2024-12-08 23:08:29.785103,TRADE,6099.25,1
2024-12-08 23:08:30.792305,TRADE,6099.25,1
2024-12-08 23:08:31.065141,TRADE,6099.25,1
2024-12-08 23:08:32.382888,TRADE,6099.25,1
2024-12-08 23:08:33.964613,TRADE,6099.0,1
2024-12-08 23:08:34.243793,TRADE,6099.25,1
2024-12-08 23:08:38.778731,TRADE,6099.25,2
2024-12-08 23:08:39.015698,TRADE,6099.25,1
2024-12-08 23:08:39.023714,TRADE,6099.25,1
2024-12-08 23:08:39.024242,TRADE,6099.0,2
2024-12-08 23:08:39.024787,TRADE,6099.0,25
2024-12-08 23:08:39.024825,TRADE,6099.0,22
2024-12-08 23:08:39.024926,TRADE,6099.0,1
2024-12-08 23:08:39.025588,TRADE,6099.0,1
2024-12-08 23:08:39.025801,TRADE,6099.0,1
2024-12-08 23:08:39.026195,TRADE,6098.75,2
2024-12-08 23:08:39.026482,TRADE,6098.75,4
2024-12-08 23:08:39.026680,TRADE,6098.75,1
2024-12-08 23:08:39.756431,TRADE,6098.75,1
2024-12-08 23:08:39.845116,TRADE,6098.75,2
2024-12-08 23:08:39.845426,TRADE,6098.75,1
2024-12-08 23:08:39.845773,TRADE,6098.75,1
2024-12-08 23:08:39.845907,TRADE,6098.75,3
2024-12-08 23:08:39.845994,TRADE,6098.75,1
2024-12-08 23:08:39.846096,TRADE,6098.75,1
2024-12-08 23:08:39.846229,TRADE,6098.75,1
2024-12-08 23:08:42.947949,TRADE,6098.5,7
2024-12-08 23:08:42.947962,TRADE,6098.5,1
2024-12-08 23:08:45.617773,TRADE,6098.5,24
2024-12-08 23:08:47.797236,TRADE,6098.5,1
2024-12-08 23:08:48.639420,TRADE,6098.5,2
2024-12-08 23:08:49.452622,TRADE,6098.5,1
2024-12-08 23:08:49.453138,TRADE,6098.5,1
2024-12-08 23:08:49.453837,TRADE,6098.5,1
2024-12-08 23:08:51.320712,TRADE,6098.75,1
2024-12-08 23:08:51.575271,TRADE,6098.75,13
2024-12-08 23:08:51.632204,TRADE,6098.75,3
2024-12-08 23:08:51.632488,TRADE,6098.75,1
2024-12-08 23:08:51.632802,TRADE,6098.75,1
2024-12-08 23:08:55.986439,TRADE,6098.75,3
2024-12-08 23:08:56.158158,TRADE,6098.5,2
2024-12-08 23:08:58.080001,TRADE,6098.75,1
2024-12-08 23:08:59.295728,TRADE,6098.5,1
2024-12-08 23:08:59.574842,TRADE,6098.75,12
2024-12-08 23:09:01.236944,TRADE,6098.75,2
2024-12-08 23:09:01.737329,TRADE,6098.5,1
2024-12-08 23:09:02.094917,TRADE,6098.75,1
2024-12-08 23:09:04.895108,TRADE,6098.75,9
2024-12-08 23:09:04.895599,TRADE,6098.75,2
2024-12-08 23:09:04.895817,TRADE,6098.75,1
2024-12-08 23:09:04.895967,TRADE,6098.75,1
2024-12-08 23:09:07.719769,TRADE,6098.75,1
2024-12-08 23:09:08.787096,TRADE,6099.0,3
2024-12-08 23:09:12.669741,TRADE,6098.75,1
2024-12-08 23:09:13.293333,TRADE,6098.75,7
2024-12-08 23:09:19.794420,TRADE,6098.5,7
2024-12-08 23:09:19.794484,TRADE,6098.5,1
2024-12-08 23:09:19.794607,TRADE,6098.5,1
2024-12-08 23:09:21.277515,TRADE,6098.5,1
2024-12-08 23:09:22.089818,TRADE,6098.25,1
2024-12-08 23:09:22.204193,TRADE,6098.5,9
2024-12-08 23:09:22.204753,TRADE,6098.5,1
2024-12-08 23:09:23.152383,TRADE,6098.75,10
2024-12-08 23:09:23.152642,TRADE,6098.75,1
2024-12-08 23:09:23.152778,TRADE,6098.75,1
2024-12-08 23:09:23.152898,TRADE,6098.75,1
2024-12-08 23:09:23.154046,TRADE,6098.75,1
2024-12-08 23:09:23.154453,TRADE,6098.75,1
2024-12-08 23:09:23.154637,TRADE,6098.75,1
2024-12-08 23:09:23.639744,TRADE,6098.75,1
2024-12-08 23:09:23.640056,TRADE,6098.75,1
2024-12-08 23:09:23.640371,TRADE,6098.75,2
2024-12-08 23:09:25.396183,TRADE,6098.5,1
2024-12-08 23:09:28.521937,TRADE,6098.75,1
2024-12-08 23:09:28.522503,TRADE,6098.75,1
2024-12-08 23:09:28.522782,TRADE,6098.75,1
2024-12-08 23:09:29.267942,TRADE,6098.75,1
2024-12-08 23:09:30.303267,TRADE,6098.75,1
2024-12-08 23:09:30.773807,TRADE,6098.75,3
2024-12-08 23:09:30.773897,TRADE,6098.75,3
2024-12-08 23:09:30.774026,TRADE,6098.75,1
2024-12-08 23:09:31.002877,TRADE,6098.75,2
2024-12-08 23:09:31.002935,TRADE,6098.75,2
2024-12-08 23:09:31.003226,TRADE,6098.75,1
2024-12-08 23:09:31.017353,TRADE,6098.75,1
2024-12-08 23:09:31.279390,TRADE,6098.75,1
2024-12-08 23:09:31.279685,TRADE,6098.75,1
2024-12-08 23:09:31.279952,TRADE,6098.75,1
2024-12-08 23:09:31.740812,TRADE,6098.75,1
2024-12-08 23:09:31.748286,TRADE,6098.75,1
2024-12-08 23:09:32.292357,TRADE,6098.75,1
2024-12-08 23:09:36.228717,TRADE,6098.5,2
2024-12-08 23:09:36.229044,TRADE,6098.5,5
2024-12-08 23:09:36.229406,TRADE,6098.5,3
2024-12-08 23:09:36.230269,TRADE,6098.5,1
2024-12-08 23:09:36.231314,TRADE,6098.5,1
2024-12-08 23:09:36.231736,TRADE,6098.5,1
2024-12-08 23:09:45.973206,TRADE,6098.5,1
2024-12-08 23:09:46.845666,TRADE,6098.5,1
2024-12-08 23:09:50.499491,TRADE,6098.5,1
2024-12-08 23:09:59.387794,TRADE,6098.5,2
2024-12-08 23:09:59.703756,TRADE,6098.5,1
2024-12-08 23:10:00.109460,TRADE,6098.5,1
2024-12-08 23:10:00.109817,TRADE,6098.5,1
2024-12-08 23:10:00.492413,TRADE,6098.5,2
2024-12-08 23:10:00.595524,TRADE,6098.5,4
2024-12-08 23:10:00.595524,TRADE,6098.75,2
2024-12-08 23:10:00.603236,TRADE,6098.5,9
2024-12-08 23:10:03.016207,TRADE,6098.5,1
2024-12-08 23:10:07.367813,TRADE,6098.5,1
2024-12-08 23:10:07.965243,TRADE,6098.25,18
2024-12-08 23:10:10.032109,TRADE,6098.25,1
2024-12-08 23:10:10.032391,TRADE,6098.25,2
2024-12-08 23:10:10.032520,TRADE,6098.25,1
2024-12-08 23:10:10.032781,TRADE,6098.25,2
2024-12-08 23:10:12.023309,TRADE,6098.25,1
2024-12-08 23:10:14.377339,TRADE,6098.5,1
2024-12-08 23:10:16.992531,TRADE,6098.25,1
2024-12-08 23:10:16.992825,TRADE,6098.25,5
2024-12-08 23:10:16.993211,TRADE,6098.25,4
2024-12-08 23:10:18.650832,TRADE,6098.25,1
2024-12-08 23:10:20.654640,TRADE,6098.0,5
2024-12-08 23:10:20.654949,TRADE,6098.0,1
2024-12-08 23:10:20.655166,TRADE,6098.0,1
2024-12-08 23:10:20.655214,TRADE,6098.0,1
2024-12-08 23:10:20.655327,TRADE,6098.0,1
2024-12-08 23:10:20.655989,TRADE,6098.0,2
2024-12-08 23:10:20.657004,TRADE,6097.75,1
2024-12-08 23:10:21.021258,TRADE,6098.0,1
2024-12-08 23:10:21.021503,TRADE,6098.0,1
2024-12-08 23:10:21.105990,TRADE,6098.0,1
2024-12-08 23:10:21.107039,TRADE,6098.0,2
2024-12-08 23:10:22.218110,TRADE,6098.25,2
2024-12-08 23:10:22.218382,TRADE,6098.25,2
2024-12-08 23:10:22.218519,TRADE,6098.25,1
2024-12-08 23:10:22.391142,TRADE,6098.25,1
2024-12-08 23:10:22.415928,TRADE,6098.25,1
2024-12-08 23:10:31.603274,TRADE,6098.5,5
2024-12-08 23:10:31.603732,TRADE,6098.5,2
2024-12-08 23:10:31.604421,TRADE,6098.5,2
2024-12-08 23:10:31.868971,TRADE,6098.25,4
2024-12-08 23:10:31.869339,TRADE,6098.25,1
2024-12-08 23:10:31.899457,TRADE,6098.5,1
2024-12-08 23:10:31.899858,TRADE,6098.5,2
2024-12-08 23:10:31.900181,TRADE,6098.5,1
2024-12-08 23:10:32.292281,TRADE,6098.5,1
2024-12-08 23:10:32.292422,TRADE,6098.5,1
2024-12-08 23:10:32.606722,TRADE,6098.5,1
2024-12-08 23:10:32.606988,TRADE,6098.5,1
2024-12-08 23:10:33.598276,TRADE,6098.5,1
2024-12-08 23:10:33.598530,TRADE,6098.5,2
2024-12-08 23:10:35.080738,TRADE,6098.5,1
2024-12-08 23:10:40.577629,TRADE,6098.25,6
2024-12-08 23:10:40.577900,TRADE,6098.0,15
2024-12-08 23:10:40.578426,TRADE,6097.75,2
2024-12-08 23:10:40.579299,TRADE,6098.0,1
2024-12-08 23:10:40.579339,TRADE,6098.0,1
2024-12-08 23:10:40.579781,TRADE,6097.75,3
2024-12-08 23:10:40.579933,TRADE,6097.75,4
2024-12-08 23:10:40.579933,TRADE,6097.75,1
2024-12-08 23:10:40.580052,TRADE,6097.75,1
2024-12-08 23:10:40.580186,TRADE,6097.75,4
2024-12-08 23:10:40.580327,TRADE,6097.75,3
2024-12-08 23:10:40.580446,TRADE,6097.75,2
2024-12-08 23:10:40.580583,TRADE,6097.75,15
2024-12-08 23:10:40.580926,TRADE,6098.0,2
2024-12-08 23:10:40.581112,TRADE,6097.75,1
2024-12-08 23:10:40.581300,TRADE,6097.75,1
2024-12-08 23:10:40.581460,TRADE,6097.75,1
2024-12-08 23:10:40.581706,TRADE,6097.75,1
2024-12-08 23:10:40.582674,TRADE,6097.75,1
2024-12-08 23:10:40.582728,TRADE,6097.75,1
2024-12-08 23:10:40.582857,TRADE,6097.75,1
2024-12-08 23:10:40.582941,TRADE,6097.75,1
2024-12-08 23:10:40.583397,TRADE,6097.75,2
2024-12-08 23:10:40.583548,TRADE,6097.75,2
2024-12-08 23:10:40.583712,TRADE,6097.75,1
2024-12-08 23:10:40.587325,TRADE,6097.75,1
2024-12-08 23:10:40.587626,TRADE,6097.75,1
2024-12-08 23:10:40.587732,TRADE,6097.75,1
2024-12-08 23:10:40.587932,TRADE,6097.75,1
2024-12-08 23:10:40.588230,TRADE,6097.75,1
2024-12-08 23:10:43.188209,TRADE,6097.75,3
2024-12-08 23:10:44.344237,TRADE,6097.75,1
2024-12-08 23:10:44.344443,TRADE,6097.75,7
2024-12-08 23:10:44.387806,TRADE,6097.75,11
2024-12-08 23:10:45.116954,TRADE,6097.75,1
2024-12-08 23:10:45.117248,TRADE,6097.75,1
2024-12-08 23:10:45.117351,TRADE,6097.75,1
2024-12-08 23:10:45.117664,TRADE,6097.75,1
2024-12-08 23:10:45.117852,TRADE,6097.75,1
2024-12-08 23:10:45.424207,TRADE,6097.5,1
2024-12-08 23:10:45.825473,TRADE,6097.5,1
2024-12-08 23:10:45.973288,TRADE,6097.5,1
2024-12-08 23:10:47.104869,TRADE,6097.75,1
2024-12-08 23:10:47.590641,TRADE,6097.5,10
2024-12-08 23:10:47.592009,TRADE,6097.5,1
2024-12-08 23:10:47.592175,TRADE,6097.5,1
2024-12-08 23:10:47.592502,TRADE,6097.5,1
2024-12-08 23:10:48.619883,TRADE,6097.5,1
2024-12-08 23:10:50.662508,TRADE,6097.5,6
2024-12-08 23:10:51.215398,TRADE,6097.5,1
2024-12-08 23:10:51.215698,TRADE,6097.5,3
2024-12-08 23:10:51.216024,TRADE,6097.5,2
2024-12-08 23:10:52.835865,TRADE,6097.25,3
2024-12-08 23:10:52.857361,TRADE,6097.25,2
2024-12-08 23:10:52.999575,TRADE,6097.25,3
2024-12-08 23:10:53.234780,TRADE,6097.5,3
2024-12-08 23:10:53.235669,TRADE,6097.5,2
2024-12-08 23:10:53.235765,TRADE,6097.5,1
2024-12-08 23:10:53.236150,TRADE,6097.5,1
2024-12-08 23:10:53.236471,TRADE,6097.5,2
2024-12-08 23:10:53.236615,TRADE,6097.5,1
2024-12-08 23:10:53.236744,TRADE,6097.5,2
2024-12-08 23:10:53.236881,TRADE,6097.5,1
2024-12-08 23:10:53.682395,TRADE,6097.25,8
2024-12-08 23:10:53.683273,TRADE,6097.25,2
2024-12-08 23:10:54.728842,TRADE,6097.25,1
2024-12-08 23:10:54.729169,TRADE,6097.25,2
2024-12-08 23:10:56.134663,TRADE,6097.5,2
2024-12-08 23:10:57.087552,TRADE,6097.5,1
2024-12-08 23:10:57.565440,TRADE,6097.25,7
2024-12-08 23:10:59.280346,TRADE,6097.0,1
2024-12-08 23:11:00.132185,TRADE,6097.0,1
2024-12-08 23:11:00.227213,TRADE,6097.0,1
2024-12-08 23:11:00.595603,TRADE,6097.25,7
2024-12-08 23:11:00.595981,TRADE,6097.25,4
2024-12-08 23:11:00.596569,TRADE,6097.25,2
2024-12-08 23:11:00.596749,TRADE,6097.25,1
2024-12-08 23:11:00.596929,TRADE,6097.25,3
2024-12-08 23:11:00.597821,TRADE,6097.25,1
2024-12-08 23:11:00.599297,TRADE,6097.25,2
2024-12-08 23:11:00.599638,TRADE,6097.25,1
2024-12-08 23:11:01.565535,TRADE,6097.25,1
2024-12-08 23:11:01.565822,TRADE,6097.25,1
2024-12-08 23:11:01.566396,TRADE,6097.25,1
2024-12-08 23:11:01.566731,TRADE,6097.25,1
2024-12-08 23:11:02.252977,TRADE,6097.25,2
2024-12-08 23:11:04.386771,TRADE,6097.25,2
2024-12-08 23:11:04.386934,TRADE,6097.5,1
2024-12-08 23:11:04.387157,TRADE,6097.5,3
2024-12-08 23:11:04.387263,TRADE,6097.5,1
2024-12-08 23:11:04.387414,TRADE,6097.5,2
2024-12-08 23:11:04.387542,TRADE,6097.5,1
2024-12-08 23:11:04.387835,TRADE,6097.5,7
2024-12-08 23:11:04.387936,TRADE,6097.5,2
2024-12-08 23:11:04.388076,TRADE,6097.5,1
2024-12-08 23:11:04.388233,TRADE,6097.5,3
2024-12-08 23:11:04.389762,TRADE,6097.5,3
2024-12-08 23:11:04.390029,TRADE,6097.5,1
2024-12-08 23:11:04.390122,TRADE,6097.5,1
2024-12-08 23:11:04.390267,TRADE,6097.5,1
2024-12-08 23:11:04.390385,TRADE,6097.5,2
2024-12-08 23:11:04.449280,TRADE,6097.5,2
2024-12-08 23:11:04.802605,TRADE,6097.5,2
2024-12-08 23:11:05.168619,TRADE,6097.75,5
2024-12-08 23:11:05.820209,TRADE,6098.0,1
2024-12-08 23:11:06.000786,TRADE,6098.0,2
2024-12-08 23:11:07.424667,TRADE,6098.0,1
2024-12-08 23:11:08.018378,TRADE,6097.75,1
2024-12-08 23:11:08.018634,TRADE,6097.75,2
2024-12-08 23:11:08.018786,TRADE,6097.75,2
2024-12-08 23:11:08.018918,TRADE,6097.75,3
2024-12-08 23:11:08.019844,TRADE,6097.75,4
2024-12-08 23:11:08.163360,TRADE,6097.75,1
2024-12-08 23:11:08.163757,TRADE,6097.75,1
2024-12-08 23:11:09.988293,TRADE,6097.75,1
2024-12-08 23:11:09.988600,TRADE,6097.75,1
2024-12-08 23:11:11.026528,TRADE,6097.5,14
2024-12-08 23:11:11.026528,TRADE,6097.25,11
2024-12-08 23:11:11.028296,TRADE,6097.5,1
2024-12-08 23:11:11.028360,TRADE,6097.5,1
2024-12-08 23:11:11.029545,TRADE,6097.5,1
2024-12-08 23:11:11.029840,TRADE,6097.5,1
2024-12-08 23:11:11.029969,TRADE,6097.5,1
2024-12-08 23:11:11.030326,TRADE,6097.5,2
2024-12-08 23:11:11.030610,TRADE,6097.5,4
2024-12-08 23:11:11.030751,TRADE,6097.5,1
2024-12-08 23:11:11.030958,TRADE,6097.5,1
2024-12-08 23:11:11.031332,TRADE,6097.5,1
2024-12-08 23:11:13.153179,TRADE,6097.5,4
2024-12-08 23:11:13.154504,TRADE,6097.5,1
2024-12-08 23:11:13.155298,TRADE,6097.5,3
2024-12-08 23:11:13.413573,TRADE,6097.75,8
2024-12-08 23:11:16.197601,TRADE,6097.75,11
2024-12-08 23:11:16.198318,TRADE,6097.75,3
2024-12-08 23:11:21.830328,TRADE,6097.5,3
2024-12-08 23:11:21.836563,TRADE,6097.25,1
2024-12-08 23:11:21.836814,TRADE,6097.25,3
2024-12-08 23:11:22.101530,TRADE,6097.5,1
2024-12-08 23:11:22.101852,TRADE,6097.5,1
2024-12-08 23:11:24.417845,TRADE,6097.5,1
2024-12-08 23:11:25.717783,TRADE,6097.5,2
2024-12-08 23:11:25.718098,TRADE,6097.5,1
2024-12-08 23:11:26.857884,TRADE,6097.5,2
2024-12-08 23:11:30.011693,TRADE,6097.5,1
2024-12-08 23:11:30.011958,TRADE,6097.5,2
2024-12-08 23:11:31.707355,TRADE,6097.5,1
2024-12-08 23:11:32.842555,TRADE,6097.75,1
2024-12-08 23:11:38.044374,TRADE,6097.5,1
2024-12-08 23:11:38.595015,TRADE,6097.75,1
2024-12-08 23:11:41.687470,TRADE,6097.75,1
2024-12-08 23:11:48.020233,TRADE,6097.75,1
2024-12-08 23:11:50.596319,TRADE,6097.75,1
2024-12-08 23:11:50.596538,TRADE,6097.75,1
2024-12-08 23:11:50.596751,TRADE,6097.75,5
2024-12-08 23:11:50.947856,TRADE,6097.75,1
2024-12-08 23:11:50.948102,TRADE,6097.75,1
2024-12-08 23:11:50.948747,TRADE,6097.75,8
2024-12-08 23:11:53.252003,TRADE,6097.75,2
2024-12-08 23:12:00.596070,TRADE,6097.75,6
2024-12-08 23:12:00.597244,TRADE,6097.75,1
2024-12-08 23:12:00.597282,TRADE,6097.75,1
2024-12-08 23:12:04.917410,TRADE,6097.75,3
2024-12-08 23:12:04.917410,TRADE,6098.0,2
2024-12-08 23:12:04.917977,TRADE,6097.75,1
2024-12-08 23:12:04.918261,TRADE,6097.75,1
2024-12-08 23:12:04.918369,TRADE,6097.75,1
2024-12-08 23:12:04.918499,TRADE,6097.75,1
2024-12-08 23:12:04.922793,TRADE,6097.75,1
2024-12-08 23:12:04.923054,TRADE,6097.75,1
2024-12-08 23:12:05.000798,TRADE,6097.75,2
2024-12-08 23:12:09.015962,TRADE,6097.75,1
2024-12-08 23:12:10.772531,TRADE,6097.75,1
2024-12-08 23:12:26.032928,TRADE,6097.75,4
2024-12-08 23:12:26.033256,TRADE,6097.75,1
2024-12-08 23:12:26.037217,TRADE,6097.75,2
2024-12-08 23:12:26.037638,TRADE,6097.75,1
2024-12-08 23:12:26.053887,TRADE,6097.75,1
2024-12-08 23:12:26.632185,TRADE,6097.75,1
2024-12-08 23:12:27.866859,TRADE,6097.75,1
2024-12-08 23:12:27.874745,TRADE,6097.75,1
2024-12-08 23:12:30.016301,TRADE,6097.75,1
2024-12-08 23:12:33.660910,TRADE,6097.75,1
2024-12-08 23:12:33.888793,TRADE,6097.75,1
2024-12-08 23:12:35.291667,TRADE,6098.0,1
2024-12-08 23:12:36.385676,TRADE,6098.0,2
2024-12-08 23:12:36.702554,TRADE,6098.0,2
2024-12-08 23:12:36.702721,TRADE,6098.0,2
2024-12-08 23:12:36.702855,TRADE,6098.0,2
2024-12-08 23:12:36.706864,TRADE,6098.0,1
2024-12-08 23:12:37.205704,TRADE,6097.75,1
2024-12-08 23:12:40.389601,TRADE,6098.0,1
2024-12-08 23:12:42.300037,TRADE,6098.0,1
2024-12-08 23:12:42.300145,TRADE,6098.0,1
2024-12-08 23:12:42.300280,TRADE,6098.0,3
2024-12-08 23:12:42.300394,TRADE,6098.0,1
2024-12-08 23:12:42.300982,TRADE,6098.0,1
2024-12-08 23:12:42.301274,TRADE,6098.0,1
2024-12-08 23:12:42.301570,TRADE,6098.0,1
2024-12-08 23:12:44.152010,TRADE,6098.0,1
2024-12-08 23:12:49.346749,TRADE,6098.0,1
2024-12-08 23:12:49.661166,TRADE,6098.0,1
2024-12-08 23:12:50.553553,TRADE,6098.0,6
2024-12-08 23:13:00.595164,TRADE,6098.25,7
2024-12-08 23:13:00.595177,TRADE,6098.25,2
2024-12-08 23:13:00.595517,TRADE,6098.25,2
2024-12-08 23:13:00.596504,TRADE,6098.25,2
2024-12-08 23:13:00.596787,TRADE,6098.25,2
2024-12-08 23:13:00.597057,TRADE,6098.25,2
2024-12-08 23:13:05.879163,TRADE,6098.0,4
2024-12-08 23:13:14.769052,TRADE,6098.25,1
2024-12-08 23:13:18.664511,TRADE,6098.25,1
2024-12-08 23:13:19.523581,TRADE,6098.25,38
2024-12-08 23:13:19.523977,TRADE,6098.25,2
2024-12-08 23:13:19.524807,TRADE,6098.25,1
2024-12-08 23:13:20.026495,TRADE,6098.25,5
2024-12-08 23:13:20.026838,TRADE,6098.25,1
2024-12-08 23:13:20.568654,TRADE,6098.5,1
2024-12-08 23:13:22.495585,TRADE,6098.25,1
2024-12-08 23:13:22.495865,TRADE,6098.25,1
2024-12-08 23:13:22.495991,TRADE,6098.25,1
2024-12-08 23:13:22.496235,TRADE,6098.25,1
2024-12-08 23:13:22.496970,TRADE,6098.25,1
2024-12-08 23:13:22.502324,TRADE,6098.25,3
2024-12-08 23:13:29.602510,TRADE,6098.5,1
2024-12-08 23:13:29.872769,TRADE,6098.25,1
2024-12-08 23:13:30.268640,TRADE,6098.5,1
2024-12-08 23:13:36.302021,TRADE,6098.5,1
2024-12-08 23:13:45.709121,TRADE,6098.5,2
2024-12-08 23:13:45.709387,TRADE,6098.5,1
2024-12-08 23:13:45.709533,TRADE,6098.5,1
2024-12-08 23:13:47.536168,TRADE,6098.5,13
2024-12-08 23:13:47.536168,TRADE,6098.75,7
2024-12-08 23:13:47.537366,TRADE,6098.5,1
2024-12-08 23:13:47.537413,TRADE,6098.5,1
2024-12-08 23:13:47.537534,TRADE,6098.5,2
2024-12-08 23:13:47.537654,TRADE,6098.5,1
2024-12-08 23:13:54.014609,TRADE,6098.5,1
2024-12-08 23:14:00.595154,TRADE,6098.5,6
2024-12-08 23:14:00.595512,TRADE,6098.5,1
2024-12-08 23:14:00.595602,TRADE,6098.5,1
2024-12-08 23:14:00.595933,TRADE,6098.5,1
2024-12-08 23:14:02.149682,TRADE,6098.5,1
2024-12-08 23:14:02.149988,TRADE,6098.5,1
2024-12-08 23:14:03.911595,TRADE,6098.75,2
2024-12-08 23:14:04.132085,TRADE,6098.5,2
2024-12-08 23:14:06.245448,TRADE,6098.5,2
2024-12-08 23:14:06.245520,TRADE,6098.5,1
2024-12-08 23:14:06.245640,TRADE,6098.5,2
2024-12-08 23:14:06.245742,TRADE,6098.5,1
2024-12-08 23:14:06.266154,TRADE,6098.5,1
2024-12-08 23:14:07.925405,TRADE,6098.5,2
2024-12-08 23:14:08.638582,TRADE,6098.5,1
2024-12-08 23:14:09.743105,TRADE,6098.25,1
2024-12-08 23:14:12.317449,TRADE,6098.25,2
2024-12-08 23:14:12.318179,TRADE,6098.25,1
2024-12-08 23:14:12.318460,TRADE,6098.25,1
2024-12-08 23:14:12.319955,TRADE,6098.25,2
2024-12-08 23:14:16.963464,TRADE,6098.25,2
2024-12-08 23:14:18.425238,TRADE,6098.25,1
2024-12-08 23:14:19.555146,TRADE,6098.25,3
2024-12-08 23:14:24.477345,TRADE,6098.0,1
2024-12-08 23:14:24.477661,TRADE,6098.0,4
2024-12-08 23:14:25.523997,TRADE,6098.0,6
2024-12-08 23:14:34.954089,TRADE,6098.0,1
2024-12-08 23:14:36.101033,TRADE,6098.0,1
2024-12-08 23:14:39.228403,TRADE,6098.0,1
2024-12-08 23:14:47.629565,TRADE,6098.0,1
2024-12-08 23:14:49.435289,TRADE,6098.0,1
2024-12-08 23:14:56.559470,TRADE,6098.0,3
2024-12-08 23:14:56.559778,TRADE,6098.0,1
2024-12-08 23:14:56.559895,TRADE,6098.0,1
2024-12-08 23:14:57.660836,TRADE,6097.75,2
2024-12-08 23:14:58.195616,TRADE,6097.75,4
2024-12-08 23:14:58.196478,TRADE,6098.0,2
2024-12-08 23:14:58.196792,TRADE,6098.0,1
2024-12-08 23:14:58.196914,TRADE,6098.0,1
2024-12-08 23:14:58.197044,TRADE,6098.0,1
2024-12-08 23:15:00.257808,TRADE,6097.75,1
2024-12-08 23:15:00.674192,TRADE,6097.75,1
2024-12-08 23:15:00.675802,TRADE,6097.75,2
2024-12-08 23:15:03.525711,TRADE,6098.0,1
2024-12-08 23:15:07.131620,TRADE,6097.75,1
2024-12-08 23:15:08.299431,TRADE,6098.0,2
2024-12-08 23:15:08.321704,TRADE,6098.0,2
2024-12-08 23:15:08.322040,TRADE,6098.0,5
2024-12-08 23:15:12.549396,TRADE,6098.25,1
2024-12-08 23:15:13.841735,TRADE,6098.0,1
2024-12-08 23:15:17.637977,TRADE,6098.0,1
2024-12-08 23:15:27.123914,TRADE,6097.75,1
2024-12-08 23:15:28.026124,TRADE,6098.0,6
2024-12-08 23:15:28.256674,TRADE,6098.0,2
2024-12-08 23:15:29.077667,TRADE,6098.0,3
2024-12-08 23:15:29.078008,TRADE,6098.0,1
2024-12-08 23:15:30.715395,TRADE,6098.0,2
2024-12-08 23:15:33.959944,TRADE,6098.25,5
2024-12-08 23:15:33.960822,TRADE,6098.25,1
2024-12-08 23:15:33.961085,TRADE,6098.25,1
2024-12-08 23:15:41.157290,TRADE,6098.25,1
2024-12-08 23:15:49.063155,TRADE,6098.0,1
2024-12-08 23:15:51.063240,TRADE,6098.0,1
2024-12-08 23:15:51.063670,TRADE,6098.0,8
2024-12-08 23:15:52.063415,TRADE,6097.75,1
2024-12-08 23:15:56.112138,TRADE,6098.0,2
2024-12-08 23:15:56.112421,TRADE,6098.0,1
2024-12-08 23:15:56.112587,TRADE,6098.0,4
2024-12-08 23:15:56.112649,TRADE,6098.0,1
2024-12-08 23:15:59.042950,TRADE,6098.25,10
2024-12-08 23:15:59.043355,TRADE,6098.25,1
2024-12-08 23:15:59.043770,TRADE,6098.25,2
2024-12-08 23:15:59.227886,TRADE,6098.0,1
2024-12-08 23:16:02.371418,TRADE,6098.25,1
2024-12-08 23:16:11.930095,TRADE,6098.0,6
2024-12-08 23:16:21.572096,TRADE,6097.75,8
2024-12-08 23:16:21.575902,TRADE,6097.75,2
2024-12-08 23:16:22.263948,TRADE,6097.75,1
2024-12-08 23:16:22.310360,TRADE,6097.75,1
2024-12-08 23:16:22.311173,TRADE,6097.75,1
2024-12-08 23:16:22.311350,TRADE,6097.75,3
2024-12-08 23:16:22.311426,TRADE,6097.75,1
2024-12-08 23:16:22.311567,TRADE,6097.75,2
2024-12-08 23:16:22.311637,TRADE,6097.75,1
2024-12-08 23:16:22.311739,TRADE,6097.75,1
2024-12-08 23:16:22.311866,TRADE,6097.75,1
2024-12-08 23:16:22.312075,TRADE,6097.75,1
2024-12-08 23:16:22.751904,TRADE,6098.0,10
2024-12-08 23:16:23.496155,TRADE,6098.0,3
2024-12-08 23:16:32.973099,TRADE,6098.0,1
2024-12-08 23:16:38.574685,TRADE,6098.0,1
2024-12-08 23:16:41.676515,TRADE,6097.75,1
2024-12-08 23:16:42.999550,TRADE,6098.0,1
2024-12-08 23:16:48.825400,TRADE,6098.0,1
2024-12-08 23:16:55.891368,TRADE,6098.0,10
2024-12-08 23:16:55.891658,TRADE,6098.0,1
2024-12-08 23:16:55.893105,TRADE,6098.0,1
2024-12-08 23:17:04.883406,TRADE,6098.0,8
2024-12-08 23:17:04.884022,TRADE,6098.0,2
2024-12-08 23:17:04.884394,TRADE,6098.0,3
2024-12-08 23:17:04.885433,TRADE,6098.0,2
2024-12-08 23:17:04.885754,TRADE,6098.0,1
2024-12-08 23:17:08.044049,TRADE,6098.25,1
2024-12-08 23:17:14.762032,TRADE,6098.0,1
2024-12-08 23:17:17.335308,TRADE,6098.25,1
2024-12-08 23:17:31.270583,TRADE,6098.0,2
2024-12-08 23:17:32.031313,TRADE,6097.75,5
2024-12-08 23:17:37.569208,TRADE,6097.75,3
2024-12-08 23:17:37.569558,TRADE,6097.75,1
2024-12-08 23:17:37.726560,TRADE,6097.75,2
2024-12-08 23:17:40.129314,TRADE,6097.75,2
2024-12-08 23:17:43.118539,TRADE,6097.75,6
2024-12-08 23:17:46.660420,TRADE,6097.75,1
2024-12-08 23:18:15.446247,TRADE,6098.0,1
2024-12-08 23:18:16.310189,TRADE,6098.0,1
2024-12-08 23:18:27.681628,TRADE,6098.0,1
2024-12-08 23:18:29.965698,TRADE,6098.0,9
2024-12-08 23:18:29.966296,TRADE,6098.25,4
2024-12-08 23:18:29.966400,TRADE,6098.25,1
2024-12-08 23:18:29.966763,TRADE,6098.25,1
2024-12-08 23:18:29.966877,TRADE,6098.25,1
2024-12-08 23:18:29.966992,TRADE,6098.25,1
2024-12-08 23:18:29.967193,TRADE,6098.25,4
2024-12-08 23:18:32.090352,TRADE,6098.5,6
2024-12-08 23:18:32.092230,TRADE,6098.5,6
2024-12-08 23:18:35.241587,TRADE,6098.5,4
2024-12-08 23:18:35.241868,TRADE,6098.5,1
2024-12-08 23:18:35.241974,TRADE,6098.5,1
2024-12-08 23:18:35.242115,TRADE,6098.5,1
2024-12-08 23:18:35.242285,TRADE,6098.5,1
2024-12-08 23:18:35.242435,TRADE,6098.5,1
2024-12-08 23:18:35.242624,TRADE,6098.5,1
2024-12-08 23:18:35.243133,TRADE,6098.5,1
2024-12-08 23:18:40.872943,TRADE,6098.5,1
2024-12-08 23:18:41.859387,TRADE,6098.5,2
2024-12-08 23:18:41.859496,TRADE,6098.5,1
2024-12-08 23:18:41.859740,TRADE,6098.5,1
2024-12-08 23:18:41.860378,TRADE,6098.5,1
2024-12-08 23:18:42.083247,TRADE,6098.25,1
2024-12-08 23:18:55.797544,TRADE,6098.5,10
2024-12-08 23:18:55.797847,TRADE,6098.5,1
2024-12-08 23:18:58.096032,TRADE,6098.25,1
2024-12-08 23:19:01.614469,TRADE,6098.5,1
2024-12-08 23:19:02.007856,TRADE,6098.5,2
2024-12-08 23:19:07.589415,TRADE,6098.25,1
2024-12-08 23:19:07.589674,TRADE,6098.25,1
2024-12-08 23:19:09.742293,TRADE,6098.25,3
2024-12-08 23:19:09.742395,TRADE,6098.25,3
2024-12-08 23:19:09.742878,TRADE,6098.25,1
2024-12-08 23:19:09.743193,TRADE,6098.25,1
2024-12-08 23:19:09.743296,TRADE,6098.25,1
2024-12-08 23:19:10.257842,TRADE,6098.25,1
2024-12-08 23:19:14.602753,TRADE,6098.5,12
2024-12-08 23:19:14.602753,TRADE,6098.75,16
2024-12-08 23:19:14.605952,TRADE,6098.75,1
2024-12-08 23:19:14.608995,TRADE,6098.75,8
2024-12-08 23:19:18.096775,TRADE,6099.0,1
2024-12-08 23:19:20.992878,TRADE,6098.75,1
2024-12-08 23:19:27.310836,TRADE,6098.75,5
2024-12-08 23:19:27.310909,TRADE,6098.75,4
2024-12-08 23:19:29.759782,TRADE,6098.75,1
2024-12-08 23:19:32.466009,TRADE,6098.75,6
2024-12-08 23:19:33.480936,TRADE,6098.5,10
2024-12-08 23:19:38.121027,TRADE,6098.5,5
2024-12-08 23:19:38.121331,TRADE,6098.5,1
2024-12-08 23:19:38.121429,TRADE,6098.5,1
2024-12-08 23:19:38.121586,TRADE,6098.5,1
2024-12-08 23:19:38.121713,TRADE,6098.5,1
2024-12-08 23:19:38.121884,TRADE,6098.5,1
2024-12-08 23:19:41.893997,TRADE,6098.5,4
2024-12-08 23:19:41.894379,TRADE,6098.5,3
2024-12-08 23:19:41.894665,TRADE,6098.5,1
2024-12-08 23:19:56.415346,TRADE,6098.5,1
2024-12-08 23:19:56.632926,TRADE,6098.5,2
2024-12-08 23:20:03.589923,TRADE,6098.5,1
2024-12-08 23:20:14.112474,TRADE,6098.5,2
2024-12-08 23:20:22.122457,TRADE,6098.25,2
2024-12-08 23:20:22.122466,TRADE,6098.25,1
2024-12-08 23:20:22.122883,TRADE,6098.25,1
2024-12-08 23:20:22.123197,TRADE,6098.25,1
2024-12-08 23:20:22.123309,TRADE,6098.25,1
2024-12-08 23:20:22.123418,TRADE,6098.25,1
2024-12-08 23:20:22.123829,TRADE,6098.25,1
2024-12-08 23:20:22.125475,TRADE,6098.25,2
2024-12-08 23:20:22.125740,TRADE,6098.25,1
2024-12-08 23:20:22.301430,TRADE,6098.25,1
2024-12-08 23:20:22.302044,TRADE,6098.25,1
2024-12-08 23:20:22.302458,TRADE,6098.25,3
2024-12-08 23:20:22.302736,TRADE,6098.25,1
2024-12-08 23:20:22.337004,TRADE,6098.25,1
2024-12-08 23:20:22.337777,TRADE,6098.25,3
2024-12-08 23:20:22.338262,TRADE,6098.25,2
2024-12-08 23:20:22.338579,TRADE,6098.25,1
2024-12-08 23:20:22.338915,TRADE,6098.25,1
2024-12-08 23:20:25.537016,TRADE,6098.25,2
2024-12-08 23:20:35.510147,TRADE,6098.0,2
2024-12-08 23:20:35.510389,TRADE,6098.0,1
2024-12-08 23:20:35.510522,TRADE,6098.0,1
2024-12-08 23:20:35.510654,TRADE,6098.0,1
2024-12-08 23:20:35.510953,TRADE,6098.0,12
2024-12-08 23:20:35.511134,TRADE,6098.0,12
2024-12-08 23:20:35.511256,TRADE,6098.0,1
2024-12-08 23:20:35.511446,TRADE,6098.0,12
2024-12-08 23:20:35.512231,TRADE,6098.25,1
2024-12-08 23:20:35.512486,TRADE,6098.25,2
2024-12-08 23:20:35.512600,TRADE,6098.25,2
2024-12-08 23:20:35.512689,TRADE,6098.25,1
2024-12-08 23:20:35.512811,TRADE,6098.25,1
2024-12-08 23:20:35.512941,TRADE,6098.25,1
2024-12-08 23:20:35.513049,TRADE,6098.25,1
2024-12-08 23:20:36.965136,TRADE,6098.5,3
2024-12-08 23:20:36.965830,TRADE,6098.5,2
2024-12-08 23:20:36.966322,TRADE,6098.5,2
2024-12-08 23:20:36.966611,TRADE,6098.5,2
2024-12-08 23:20:36.966699,TRADE,6098.5,1
2024-12-08 23:20:37.423427,TRADE,6098.5,2
2024-12-08 23:20:37.635012,TRADE,6098.5,1
2024-12-08 23:20:39.986711,TRADE,6098.5,3
2024-12-08 23:20:39.986711,TRADE,6098.75,23
2024-12-08 23:20:39.986711,TRADE,6099.0,14
2024-12-08 23:20:39.987988,TRADE,6098.75,1
2024-12-08 23:20:44.116634,TRADE,6098.5,5
2024-12-08 23:20:45.788987,TRADE,6098.5,1
2024-12-08 23:20:48.257530,TRADE,6098.5,1
2024-12-08 23:20:54.274713,TRADE,6098.5,2
2024-12-08 23:20:57.452629,TRADE,6098.5,4
2024-12-08 23:20:57.652728,TRADE,6098.5,4
2024-12-08 23:20:59.413050,TRADE,6098.25,1
2024-12-08 23:21:12.325139,TRADE,6098.25,1
2024-12-08 23:21:30.139803,TRADE,6098.25,1
2024-12-08 23:21:32.381311,TRADE,6098.5,7
2024-12-08 23:21:32.381612,TRADE,6098.5,1
2024-12-08 23:21:32.381763,TRADE,6098.5,1
2024-12-08 23:21:32.382063,TRADE,6098.5,1
2024-12-08 23:21:36.531974,TRADE,6098.5,2
2024-12-08 23:21:41.141138,TRADE,6098.25,1
2024-12-08 23:21:45.947211,TRADE,6098.25,1
2024-12-08 23:21:46.860630,TRADE,6098.5,1
2024-12-08 23:21:50.815116,TRADE,6098.25,1
2024-12-08 23:21:52.863281,TRADE,6098.5,3
2024-12-08 23:21:52.866520,TRADE,6098.5,1
2024-12-08 23:21:56.022946,TRADE,6098.5,2
2024-12-08 23:21:56.023203,TRADE,6098.5,2
2024-12-08 23:21:56.023289,TRADE,6098.5,1
2024-12-08 23:21:56.023430,TRADE,6098.5,2
2024-12-08 23:22:11.411267,TRADE,6098.25,1
2024-12-08 23:22:11.607687,TRADE,6098.5,1
2024-12-08 23:22:11.608030,TRADE,6098.5,4
2024-12-08 23:22:11.608176,TRADE,6098.5,2
2024-12-08 23:22:11.608599,TRADE,6098.5,2
2024-12-08 23:22:11.608921,TRADE,6098.5,1
2024-12-08 23:22:11.609319,TRADE,6098.5,1
2024-12-08 23:22:26.887018,TRADE,6098.75,15
2024-12-08 23:22:26.887018,TRADE,6099.0,1
2024-12-08 23:22:26.888069,TRADE,6098.75,1
2024-12-08 23:22:26.888341,TRADE,6098.75,1
2024-12-08 23:22:26.895381,TRADE,6098.75,1
2024-12-08 23:22:28.246373,TRADE,6098.75,1
2024-12-08 23:22:28.246462,TRADE,6098.75,1
2024-12-08 23:22:28.246668,TRADE,6098.75,5
2024-12-08 23:22:28.246794,TRADE,6098.75,1
2024-12-08 23:22:28.247186,TRADE,6098.75,2
2024-12-08 23:22:32.580780,TRADE,6098.75,5
2024-12-08 23:22:32.581270,TRADE,6098.75,2
2024-12-08 23:22:36.346839,TRADE,6098.75,2
2024-12-08 23:22:36.347132,TRADE,6098.75,1
2024-12-08 23:22:43.231280,TRADE,6099.0,22
2024-12-08 23:22:43.231280,TRADE,6099.25,8
2024-12-08 23:22:43.232885,TRADE,6099.0,1
2024-12-08 23:22:43.233233,TRADE,6099.0,1
2024-12-08 23:22:43.233338,TRADE,6099.0,1
2024-12-08 23:22:43.233650,TRADE,6099.0,1
2024-12-08 23:22:43.233770,TRADE,6099.0,1
2024-12-08 23:22:45.146064,TRADE,6098.75,1
2024-12-08 23:22:48.937050,TRADE,6099.0,1
2024-12-08 23:22:51.385583,TRADE,6098.75,1
2024-12-08 23:22:54.336575,TRADE,6098.75,3
2024-12-08 23:22:56.278327,TRADE,6098.75,12
2024-12-08 23:22:56.278327,TRADE,6099.0,8
2024-12-08 23:22:59.439332,TRADE,6099.0,3
2024-12-08 23:23:00.236679,TRADE,6098.75,1
2024-12-08 23:23:00.237026,TRADE,6098.75,1
2024-12-08 23:23:00.237143,TRADE,6098.75,1
2024-12-08 23:23:00.238381,TRADE,6098.75,2
2024-12-08 23:23:01.529313,TRADE,6098.5,1
2024-12-08 23:23:07.268367,TRADE,6098.75,2
2024-12-08 23:23:10.639819,TRADE,6098.75,2
2024-12-08 23:23:17.865176,TRADE,6098.75,1
2024-12-08 23:23:18.584027,TRADE,6099.0,8
2024-12-08 23:23:18.584635,TRADE,6098.75,3
2024-12-08 23:23:30.342037,TRADE,6098.75,3
2024-12-08 23:23:31.677773,TRADE,6098.75,1
2024-12-08 23:23:31.678134,TRADE,6098.75,2
2024-12-08 23:23:36.959790,TRADE,6098.75,1
2024-12-08 23:24:03.347739,TRADE,6099.0,1
2024-12-08 23:24:03.348116,TRADE,6099.0,2
2024-12-08 23:24:03.348488,TRADE,6099.0,1
2024-12-08 23:24:03.349901,TRADE,6099.0,1
2024-12-08 23:24:03.350178,TRADE,6099.0,2
2024-12-08 23:24:03.350269,TRADE,6099.0,1
2024-12-08 23:24:03.350491,TRADE,6099.0,2
2024-12-08 23:24:05.556436,TRADE,6099.25,1
2024-12-08 23:24:07.845437,TRADE,6099.0,1
2024-12-08 23:24:19.934002,TRADE,6099.25,2
2024-12-08 23:24:19.934231,TRADE,6099.25,8
2024-12-08 23:24:19.934263,TRADE,6099.25,1
2024-12-08 23:24:19.934402,TRADE,6099.25,3
2024-12-08 23:24:19.934509,TRADE,6099.25,1
2024-12-08 23:24:19.934704,TRADE,6099.25,1
2024-12-08 23:24:19.954368,TRADE,6099.25,7
2024-12-08 23:24:19.955090,TRADE,6099.25,1
2024-12-08 23:24:19.955418,TRADE,6099.25,1
2024-12-08 23:24:19.955534,TRADE,6099.25,1
2024-12-08 23:24:19.984333,TRADE,6099.25,1
2024-12-08 23:24:20.047847,TRADE,6099.25,1
2024-12-08 23:24:20.643856,TRADE,6099.25,5
2024-12-08 23:24:20.644097,TRADE,6099.25,2
2024-12-08 23:24:20.644236,TRADE,6099.25,2
2024-12-08 23:24:23.269725,TRADE,6099.25,10
2024-12-08 23:24:23.269915,TRADE,6099.25,1
2024-12-08 23:24:23.269997,TRADE,6099.25,1
2024-12-08 23:24:23.270118,TRADE,6099.25,1
2024-12-08 23:24:23.270410,TRADE,6099.25,1
2024-12-08 23:24:23.271208,TRADE,6099.25,1
2024-12-08 23:24:24.369721,TRADE,6099.25,3
2024-12-08 23:24:24.370219,TRADE,6099.25,1
2024-12-08 23:24:25.628513,TRADE,6099.25,2
2024-12-08 23:24:29.363998,TRADE,6099.25,13
2024-12-08 23:24:29.364533,TRADE,6099.25,2
2024-12-08 23:24:29.364884,TRADE,6099.25,4
2024-12-08 23:24:33.063793,TRADE,6099.5,3
2024-12-08 23:24:33.063806,TRADE,6099.5,1
2024-12-08 23:24:33.063806,TRADE,6099.5,1
2024-12-08 23:24:39.341811,TRADE,6099.5,1
2024-12-08 23:24:39.858839,TRADE,6099.5,1
2024-12-08 23:24:40.384873,TRADE,6099.25,1
2024-12-08 23:24:40.868956,TRADE,6099.5,1
2024-12-08 23:24:43.687455,TRADE,6099.5,1
2024-12-08 23:24:45.336639,TRADE,6099.5,1
2024-12-08 23:24:47.435790,TRADE,6099.5,2
2024-12-08 23:24:49.956632,TRADE,6099.5,1
2024-12-08 23:24:49.956698,TRADE,6099.5,3
2024-12-08 23:24:49.956828,TRADE,6099.5,2
2024-12-08 23:24:49.956908,TRADE,6099.5,1
2024-12-08 23:24:49.956983,TRADE,6099.5,2
2024-12-08 23:24:49.957088,TRADE,6099.5,1
2024-12-08 23:24:49.957349,TRADE,6099.5,13
2024-12-08 23:24:49.957513,TRADE,6099.5,6
2024-12-08 23:24:49.958594,TRADE,6099.5,1
2024-12-08 23:24:50.080314,TRADE,6099.5,1
2024-12-08 23:24:50.080600,TRADE,6099.5,3
2024-12-08 23:24:50.080970,TRADE,6099.5,2
2024-12-08 23:24:50.081229,TRADE,6099.5,1
2024-12-08 23:24:50.081346,TRADE,6099.5,1
2024-12-08 23:24:50.081529,TRADE,6099.5,1
2024-12-08 23:24:50.186302,TRADE,6099.5,1
2024-12-08 23:24:50.385140,TRADE,6099.75,2
2024-12-08 23:24:50.385153,TRADE,6099.75,3
2024-12-08 23:24:50.472394,TRADE,6099.75,1
2024-12-08 23:24:51.909186,TRADE,6099.5,1
2024-12-08 23:24:51.910455,TRADE,6099.75,2
2024-12-08 23:24:52.997899,TRADE,6099.5,6
2024-12-08 23:24:52.998229,TRADE,6099.5,1
2024-12-08 23:24:52.998322,TRADE,6099.5,1
2024-12-08 23:24:52.998437,TRADE,6099.5,1
2024-12-08 23:24:52.998840,TRADE,6099.5,1
2024-12-08 23:24:52.999265,TRADE,6099.5,1
2024-12-08 23:24:53.194838,TRADE,6099.5,2
2024-12-08 23:24:53.209855,TRADE,6099.5,3
2024-12-08 23:24:53.245781,TRADE,6099.5,4
2024-12-08 23:24:53.277787,TRADE,6099.75,1
2024-12-08 23:24:54.775860,TRADE,6099.75,6
2024-12-08 23:24:57.316150,TRADE,6099.75,3
2024-12-08 23:24:57.707080,TRADE,6099.5,1
2024-12-08 23:24:58.343562,TRADE,6099.75,1
2024-12-08 23:25:03.841394,TRADE,6099.75,10
2024-12-08 23:25:03.841394,TRADE,6100.0,30
2024-12-08 23:25:03.841412,TRADE,6100.0,5
2024-12-08 23:25:03.841412,TRADE,6100.0,1
2024-12-08 23:25:03.841412,TRADE,6100.0,4
2024-12-08 23:25:03.842973,TRADE,6099.75,1
2024-12-08 23:25:06.898694,TRADE,6100.0,31
2024-12-08 23:25:06.900063,TRADE,6100.0,4
2024-12-08 23:25:06.900804,TRADE,6100.0,8
2024-12-08 23:25:07.505512,TRADE,6100.0,1
2024-12-08 23:25:09.090705,TRADE,6100.25,4
2024-12-08 23:25:09.090721,TRADE,6100.25,1
2024-12-08 23:25:09.090721,TRADE,6100.25,4
2024-12-08 23:25:09.090721,TRADE,6100.25,2
2024-12-08 23:25:09.090721,TRADE,6100.25,4
2024-12-08 23:25:09.090721,TRADE,6100.5,16
2024-12-08 23:25:09.090721,TRADE,6100.5,1
2024-12-08 23:25:09.090935,TRADE,6100.5,1
2024-12-08 23:25:09.090944,TRADE,6100.5,1
2024-12-08 23:25:09.090951,TRADE,6100.5,1
2024-12-08 23:25:09.091858,TRADE,6100.25,1
2024-12-08 23:25:09.092217,TRADE,6100.25,1
2024-12-08 23:25:09.092692,TRADE,6100.25,2
2024-12-08 23:25:09.092878,TRADE,6100.25,6
2024-12-08 23:25:09.093062,TRADE,6100.25,4
2024-12-08 23:25:09.093210,TRADE,6100.25,1
2024-12-08 23:25:09.093322,TRADE,6100.25,1
2024-12-08 23:25:09.093566,TRADE,6100.25,1
2024-12-08 23:25:09.156828,TRADE,6100.25,1
2024-12-08 23:25:09.236355,TRADE,6100.0,2
2024-12-08 23:25:09.237114,TRADE,6100.0,6
2024-12-08 23:25:09.237325,TRADE,6100.0,1
2024-12-08 23:25:09.237589,TRADE,6100.0,1
2024-12-08 23:25:09.237830,TRADE,6100.0,2
2024-12-08 23:25:09.409829,TRADE,6100.0,1
2024-12-08 23:25:09.735320,TRADE,6099.75,1
2024-12-08 23:25:09.735602,TRADE,6099.75,1
2024-12-08 23:25:09.735813,TRADE,6099.75,7
2024-12-08 23:25:10.006930,TRADE,6099.75,1
2024-12-08 23:25:10.007215,TRADE,6099.75,1
2024-12-08 23:25:10.007312,TRADE,6099.75,1
2024-12-08 23:25:10.008092,TRADE,6099.75,5
2024-12-08 23:25:10.162588,TRADE,6099.75,1
2024-12-08 23:25:10.162855,TRADE,6099.75,1
2024-12-08 23:25:10.162971,TRADE,6099.75,1
2024-12-08 23:25:10.406102,TRADE,6099.75,7
2024-12-08 23:25:10.411307,TRADE,6099.75,2
2024-12-08 23:25:12.396108,TRADE,6099.75,11
2024-12-08 23:25:12.396753,TRADE,6099.75,4
2024-12-08 23:25:13.098801,TRADE,6100.0,6
2024-12-08 23:25:13.099138,TRADE,6100.0,3
2024-12-08 23:25:14.825027,TRADE,6100.0,2
2024-12-08 23:25:14.825290,TRADE,6100.0,1
2024-12-08 23:25:14.826761,TRADE,6100.0,1
2024-12-08 23:25:14.827769,TRADE,6100.0,2
2024-12-08 23:25:14.828043,TRADE,6100.0,8
2024-12-08 23:25:14.995608,TRADE,6100.25,1
2024-12-08 23:25:23.066854,TRADE,6100.0,1
2024-12-08 23:25:23.912866,TRADE,6100.25,1
2024-12-08 23:25:24.302707,TRADE,6100.25,1
2024-12-08 23:25:24.302961,TRADE,6100.25,1
2024-12-08 23:25:24.613849,TRADE,6100.25,2
2024-12-08 23:25:24.689538,TRADE,6100.0,2
2024-12-08 23:25:24.708887,TRADE,6100.0,1
2024-12-08 23:25:25.860510,TRADE,6100.25,1
2024-12-08 23:25:26.651439,TRADE,6100.25,1
2024-12-08 23:25:29.714201,TRADE,6100.0,6
2024-12-08 23:25:29.714664,TRADE,6100.0,12
2024-12-08 23:25:29.714756,TRADE,6100.0,12
2024-12-08 23:25:29.715115,TRADE,6100.0,1
2024-12-08 23:25:30.175526,TRADE,6100.0,12
2024-12-08 23:25:30.176457,TRADE,6100.0,1
2024-12-08 23:25:32.628268,TRADE,6100.0,1
2024-12-08 23:25:39.706572,TRADE,6100.25,23
2024-12-08 23:25:39.707568,TRADE,6100.25,1
2024-12-08 23:25:39.707800,TRADE,6100.25,1
2024-12-08 23:25:39.714105,TRADE,6100.25,3
2024-12-08 23:25:39.791905,TRADE,6100.25,6
2024-12-08 23:25:39.792331,TRADE,6100.25,1
2024-12-08 23:25:39.792652,TRADE,6100.25,2
2024-12-08 23:25:39.792918,TRADE,6100.25,1
2024-12-08 23:25:39.802459,TRADE,6100.25,1
2024-12-08 23:25:40.178789,TRADE,6100.0,1
2024-12-08 23:25:51.542753,TRADE,6100.0,8
2024-12-08 23:25:51.547760,TRADE,6100.0,3
2024-12-08 23:25:53.100675,TRADE,6100.0,1
2024-12-08 23:25:53.101005,TRADE,6100.0,1
2024-12-08 23:25:53.101442,TRADE,6100.0,1
2024-12-08 23:25:53.101779,TRADE,6100.0,2
2024-12-08 23:25:53.102145,TRADE,6100.0,1
2024-12-08 23:25:56.294528,TRADE,6100.0,2
2024-12-08 23:26:01.167497,TRADE,6100.0,1
2024-12-08 23:26:01.167539,TRADE,6100.0,1
2024-12-08 23:26:04.922837,TRADE,6100.25,1
2024-12-08 23:26:13.267697,TRADE,6100.25,1
2024-12-08 23:26:16.996535,TRADE,6100.0,1
2024-12-08 23:26:20.931375,TRADE,6100.0,10
2024-12-08 23:26:23.197178,TRADE,6100.0,4
2024-12-08 23:26:23.197424,TRADE,6100.0,1
2024-12-08 23:26:23.197521,TRADE,6100.0,3
2024-12-08 23:26:23.197632,TRADE,6100.0,1
2024-12-08 23:26:23.197735,TRADE,6100.0,1
2024-12-08 23:26:23.198496,TRADE,6100.0,1
2024-12-08 23:26:23.198762,TRADE,6100.0,1
2024-12-08 23:26:30.223885,TRADE,6099.75,3
2024-12-08 23:26:30.224412,TRADE,6099.75,3
2024-12-08 23:26:34.055876,TRADE,6099.5,5
2024-12-08 23:26:36.602217,TRADE,6099.75,11
2024-12-08 23:26:36.605814,TRADE,6099.75,2
2024-12-08 23:26:36.915190,TRADE,6099.75,1
2024-12-08 23:26:39.331020,TRADE,6100.0,8
2024-12-08 23:26:39.331904,TRADE,6100.0,2
2024-12-08 23:26:39.332266,TRADE,6100.0,4
2024-12-08 23:26:39.332586,TRADE,6100.0,1
2024-12-08 23:26:39.335187,TRADE,6100.0,1
2024-12-08 23:26:39.336652,TRADE,6100.0,1
2024-12-08 23:26:40.210502,TRADE,6100.0,1
2024-12-08 23:26:40.210764,TRADE,6100.0,1
2024-12-08 23:26:40.211692,TRADE,6100.0,1
2024-12-08 23:26:40.211775,TRADE,6100.0,1
2024-12-08 23:26:50.064107,TRADE,6100.0,5
2024-12-08 23:26:50.064370,TRADE,6100.0,1
2024-12-08 23:26:50.065206,TRADE,6100.0,1
2024-12-08 23:26:50.069491,TRADE,6100.0,1
2024-12-08 23:26:50.069878,TRADE,6100.0,1
2024-12-08 23:26:55.180144,TRADE,6100.0,1
2024-12-08 23:26:55.438190,TRADE,6100.25,10
2024-12-08 23:26:55.438865,TRADE,6100.25,1
2024-12-08 23:27:02.380752,TRADE,6100.0,2
2024-12-08 23:27:05.611421,TRADE,6100.25,1
2024-12-08 23:27:06.296311,TRADE,6100.0,6
2024-12-08 23:27:16.181903,TRADE,6100.0,1
2024-12-08 23:27:17.751106,TRADE,6100.0,2
2024-12-08 23:27:17.751324,TRADE,6100.0,1
2024-12-08 23:27:17.751479,TRADE,6100.0,2
2024-12-08 23:27:17.751838,TRADE,6100.0,1
2024-12-08 23:27:17.751963,TRADE,6100.0,1
2024-12-08 23:27:17.817145,TRADE,6100.0,7
2024-12-08 23:27:18.026235,TRADE,6100.0,1
2024-12-08 23:27:27.069561,TRADE,6100.0,1
2024-12-08 23:27:27.069924,TRADE,6100.0,13
2024-12-08 23:27:27.299006,TRADE,6100.0,1
2024-12-08 23:27:27.299284,TRADE,6100.0,1
2024-12-08 23:27:27.299374,TRADE,6100.0,1
2024-12-08 23:27:36.553645,TRADE,6100.0,1
2024-12-08 23:27:37.529416,TRADE,6099.75,1
2024-12-08 23:27:37.746380,TRADE,6099.75,1
2024-12-08 23:27:37.746768,TRADE,6099.75,7
2024-12-08 23:27:37.759107,TRADE,6099.75,2
2024-12-08 23:27:37.759408,TRADE,6099.75,1
2024-12-08 23:27:37.759591,TRADE,6099.75,1
2024-12-08 23:27:37.759868,TRADE,6099.75,1
2024-12-08 23:27:38.229228,TRADE,6099.75,1
2024-12-08 23:27:38.229535,TRADE,6099.75,1
2024-12-08 23:27:38.229847,TRADE,6099.75,1
2024-12-08 23:27:40.523093,TRADE,6099.75,2
2024-12-08 23:27:40.523093,TRADE,6100.0,13
2024-12-08 23:27:40.523878,TRADE,6100.0,1
2024-12-08 23:27:40.524012,TRADE,6100.0,5
2024-12-08 23:27:40.524290,TRADE,6099.75,1
2024-12-08 23:27:40.524862,TRADE,6099.75,1
2024-12-08 23:27:52.536437,TRADE,6100.0,6
2024-12-08 23:27:53.028369,TRADE,6100.0,1
2024-12-08 23:27:53.028434,TRADE,6100.0,3
2024-12-08 23:27:53.028566,TRADE,6100.0,2
2024-12-08 23:27:53.028657,TRADE,6100.0,1
2024-12-08 23:27:55.749712,TRADE,6100.0,2
2024-12-08 23:27:55.750230,TRADE,6100.0,1
2024-12-08 23:27:55.750532,TRADE,6100.0,1
2024-12-08 23:27:55.750887,TRADE,6100.0,2
2024-12-08 23:27:55.752939,TRADE,6100.0,2
2024-12-08 23:28:01.586073,TRADE,6100.0,1
2024-12-08 23:28:12.748070,TRADE,6099.75,5
2024-12-08 23:28:16.760974,TRADE,6100.0,1
2024-12-08 23:28:36.284837,TRADE,6100.0,1
2024-12-08 23:28:38.859139,TRADE,6100.0,3
2024-12-08 23:28:38.859526,TRADE,6100.0,1
2024-12-08 23:28:42.680595,TRADE,6100.0,1
2024-12-08 23:28:42.681167,TRADE,6100.0,1
2024-12-08 23:28:42.681207,TRADE,6100.0,1
2024-12-08 23:28:42.681405,TRADE,6100.0,1
2024-12-08 23:29:00.618027,TRADE,6099.75,1
2024-12-08 23:29:00.618039,TRADE,6099.75,1
2024-12-08 23:29:06.283375,TRADE,6099.75,1
2024-12-08 23:29:06.284029,TRADE,6100.0,1
2024-12-08 23:29:08.402982,TRADE,6099.75,10
2024-12-08 23:29:22.234663,TRADE,6099.75,1
2024-12-08 23:29:36.284525,TRADE,6100.0,1
2024-12-08 23:29:43.606355,TRADE,6099.75,1
2024-12-08 23:29:45.377710,TRADE,6100.0,7
2024-12-08 23:29:45.379105,TRADE,6100.0,2
2024-12-08 23:29:45.465064,TRADE,6100.0,2
2024-12-08 23:29:54.954356,TRADE,6100.0,1
2024-12-08 23:30:00.855360,TRADE,6099.75,1
2024-12-08 23:30:01.891227,TRADE,6099.75,6
2024-12-08 23:30:01.891564,TRADE,6099.75,1
2024-12-08 23:30:04.004558,TRADE,6099.75,1
2024-12-08 23:30:04.006202,TRADE,6099.75,1
2024-12-08 23:30:04.006629,TRADE,6099.75,1
2024-12-08 23:30:04.006779,TRADE,6099.75,1
2024-12-08 23:30:08.854477,TRADE,6099.75,1
2024-12-08 23:30:10.603935,TRADE,6100.0,2
2024-12-08 23:30:10.604412,TRADE,6100.0,1
2024-12-08 23:30:10.604412,TRADE,6099.75,2
2024-12-08 23:30:10.604669,TRADE,6100.0,1
2024-12-08 23:30:10.604756,TRADE,6100.0,1
2024-12-08 23:30:12.091319,TRADE,6099.75,1
2024-12-08 23:30:27.050776,TRADE,6099.75,1
2024-12-08 23:30:30.018033,TRADE,6100.0,1
2024-12-08 23:30:31.178937,TRADE,6100.0,3
2024-12-08 23:30:31.179706,TRADE,6100.0,1
2024-12-08 23:30:31.308665,TRADE,6100.25,16
2024-12-08 23:30:31.308956,TRADE,6100.25,7
2024-12-08 23:30:33.479613,TRADE,6100.25,1
2024-12-08 23:30:33.479924,TRADE,6100.25,1
2024-12-08 23:30:33.479995,TRADE,6100.25,1
2024-12-08 23:30:33.480108,TRADE,6100.25,1
2024-12-08 23:30:33.480465,TRADE,6100.25,1
2024-12-08 23:30:33.480775,TRADE,6100.25,1
2024-12-08 23:30:41.750445,TRADE,6100.25,1
2024-12-08 23:30:41.750794,TRADE,6100.0,1
2024-12-08 23:30:41.751226,TRADE,6100.0,1
2024-12-08 23:30:44.337061,TRADE,6100.25,7
2024-12-08 23:30:44.337061,TRADE,6100.5,13
2024-12-08 23:30:44.337896,TRADE,6100.25,1
2024-12-08 23:30:44.338169,TRADE,6100.25,1
2024-12-08 23:30:44.338264,TRADE,6100.25,1
2024-12-08 23:30:44.338495,TRADE,6100.25,3
2024-12-08 23:30:44.378868,TRADE,6100.25,2
2024-12-08 23:30:44.387139,TRADE,6100.25,2
2024-12-08 23:30:50.427717,TRADE,6100.25,2
2024-12-08 23:30:50.428916,TRADE,6100.25,2
2024-12-08 23:30:50.429176,TRADE,6100.25,1
2024-12-08 23:30:50.551229,TRADE,6100.5,1
2024-12-08 23:30:57.056462,TRADE,6100.5,1
2024-12-08 23:30:59.164959,TRADE,6100.5,17
2024-12-08 23:30:59.166206,TRADE,6100.5,2
2024-12-08 23:30:59.921067,TRADE,6100.5,1
2024-12-08 23:30:59.921301,TRADE,6100.5,1
2024-12-08 23:30:59.921465,TRADE,6100.5,5
2024-12-08 23:31:00.203861,TRADE,6100.5,1
2024-12-08 23:31:00.356081,TRADE,6100.5,9
2024-12-08 23:31:00.356826,TRADE,6100.5,4
2024-12-08 23:31:00.364379,TRADE,6100.5,1
2024-12-08 23:31:00.364544,TRADE,6100.5,1
2024-12-08 23:31:00.364639,TRADE,6100.5,1
2024-12-08 23:31:05.696343,TRADE,6100.5,2
2024-12-08 23:31:05.696587,TRADE,6100.5,1
2024-12-08 23:31:05.696727,TRADE,6100.5,3
2024-12-08 23:31:05.697442,TRADE,6100.5,2
2024-12-08 23:31:05.697693,TRADE,6100.5,1
2024-12-08 23:31:05.697790,TRADE,6100.5,1
2024-12-08 23:31:10.853463,TRADE,6100.5,2
2024-12-08 23:31:13.229207,TRADE,6100.5,1
2024-12-08 23:31:13.229462,TRADE,6100.5,1
2024-12-08 23:31:13.229720,TRADE,6100.5,1
2024-12-08 23:31:19.738958,TRADE,6100.5,1
2024-12-08 23:31:19.738995,TRADE,6100.5,4
2024-12-08 23:31:19.739761,TRADE,6100.5,2
2024-12-08 23:31:22.972300,TRADE,6100.5,3
2024-12-08 23:31:22.972628,TRADE,6100.5,1
2024-12-08 23:31:22.972770,TRADE,6100.5,1
2024-12-08 23:31:22.988234,TRADE,6100.5,2
2024-12-08 23:31:26.293353,TRADE,6100.75,1
2024-12-08 23:31:26.451141,TRADE,6100.75,1
2024-12-08 23:31:27.173802,TRADE,6100.75,4
2024-12-08 23:31:27.174737,TRADE,6100.75,1
2024-12-08 23:31:27.174860,TRADE,6100.75,1
2024-12-08 23:31:30.017088,TRADE,6100.5,1
2024-12-08 23:31:34.814057,TRADE,6100.5,8
2024-12-08 23:31:34.816229,TRADE,6100.5,1
2024-12-08 23:31:36.330745,TRADE,6100.5,2
2024-12-08 23:31:36.330973,TRADE,6100.5,1
2024-12-08 23:31:37.979640,TRADE,6100.5,1
2024-12-08 23:31:37.979730,TRADE,6100.5,1
2024-12-08 23:31:37.980407,TRADE,6100.5,2
2024-12-08 23:31:41.049330,TRADE,6100.5,1
2024-12-08 23:31:41.052869,TRADE,6100.5,1
2024-12-08 23:31:41.067571,TRADE,6100.5,1
2024-12-08 23:31:44.005115,TRADE,6100.5,3
2024-12-08 23:31:44.005583,TRADE,6100.5,1
2024-12-08 23:31:44.005923,TRADE,6100.5,4
2024-12-08 23:31:44.009109,TRADE,6100.5,1
2024-12-08 23:31:44.654822,TRADE,6100.5,1
2024-12-08 23:31:45.581779,TRADE,6100.25,1
2024-12-08 23:31:45.598470,TRADE,6100.5,5
2024-12-08 23:31:46.363709,TRADE,6100.25,1
2024-12-08 23:31:47.025435,TRADE,6100.25,1
2024-12-08 23:31:47.808433,TRADE,6100.5,2
2024-12-08 23:31:47.811777,TRADE,6100.5,2
2024-12-08 23:31:47.834812,TRADE,6100.25,5
2024-12-08 23:31:49.567745,TRADE,6100.5,4
2024-12-08 23:31:49.567756,TRADE,6100.75,1
2024-12-08 23:31:49.568318,TRADE,6100.5,1
2024-12-08 23:31:49.568451,TRADE,6100.5,2
2024-12-08 23:31:50.459663,TRADE,6100.5,1
2024-12-08 23:31:52.190089,TRADE,6100.75,1
2024-12-08 23:31:52.192746,TRADE,6100.75,3
2024-12-08 23:31:53.085445,TRADE,6100.75,2
2024-12-08 23:32:00.854835,TRADE,6100.75,1
2024-12-08 23:32:09.256626,TRADE,6100.75,1
2024-12-08 23:32:09.257094,TRADE,6100.75,10
2024-12-08 23:32:10.341105,TRADE,6100.5,1
2024-12-08 23:32:12.969406,TRADE,6100.75,7
2024-12-08 23:32:12.969818,TRADE,6100.75,1
2024-12-08 23:32:13.240631,TRADE,6100.75,7
2024-12-08 23:32:13.240631,TRADE,6101.0,18
2024-12-08 23:32:13.241834,TRADE,6100.75,1
2024-12-08 23:32:13.242148,TRADE,6100.75,1
2024-12-08 23:32:13.242380,TRADE,6101.0,1
2024-12-08 23:32:13.242469,TRADE,6100.75,1
2024-12-08 23:32:13.242658,TRADE,6100.75,1
2024-12-08 23:32:13.243044,TRADE,6100.75,1
2024-12-08 23:32:13.348162,TRADE,6101.0,3
2024-12-08 23:32:13.351273,TRADE,6101.0,1
2024-12-08 23:32:15.698043,TRADE,6101.0,10
2024-12-08 23:32:15.698261,TRADE,6101.0,1
2024-12-08 23:32:15.698923,TRADE,6101.0,1
2024-12-08 23:32:21.392629,TRADE,6101.0,1
2024-12-08 23:32:22.472833,TRADE,6101.0,1
2024-12-08 23:32:22.472920,TRADE,6101.0,1
2024-12-08 23:32:22.473018,TRADE,6101.0,1
2024-12-08 23:32:22.473145,TRADE,6101.0,3
2024-12-08 23:32:22.991286,TRADE,6100.75,1
2024-12-08 23:32:24.724393,TRADE,6100.75,1
2024-12-08 23:32:24.774783,TRADE,6101.0,13
2024-12-08 23:32:24.775215,TRADE,6101.0,2
2024-12-08 23:32:24.775469,TRADE,6101.0,2
2024-12-08 23:32:24.775606,TRADE,6101.0,4
2024-12-08 23:32:24.816096,TRADE,6101.0,4
2024-12-08 23:32:24.816431,TRADE,6101.0,4
2024-12-08 23:32:24.816483,TRADE,6101.0,2
2024-12-08 23:32:24.816561,TRADE,6101.0,1
2024-12-08 23:32:24.816651,TRADE,6101.0,1
2024-12-08 23:32:24.816744,TRADE,6101.0,1
2024-12-08 23:32:24.816904,TRADE,6101.0,4
2024-12-08 23:32:24.816929,TRADE,6101.0,1
2024-12-08 23:32:24.817048,TRADE,6101.0,1
2024-12-08 23:32:24.817194,TRADE,6101.0,1
2024-12-08 23:32:24.817268,TRADE,6101.0,1
2024-12-08 23:32:25.439998,TRADE,6101.0,1
2024-12-08 23:32:25.833492,TRADE,6101.0,1
2024-12-08 23:32:26.458328,TRADE,6101.0,4
2024-12-08 23:32:26.458790,TRADE,6101.0,5
2024-12-08 23:32:26.458873,TRADE,6101.0,1
2024-12-08 23:32:26.459025,TRADE,6101.0,3
2024-12-08 23:32:26.459129,TRADE,6101.0,1
2024-12-08 23:32:26.459256,TRADE,6101.0,3
2024-12-08 23:32:28.726716,TRADE,6100.75,5
2024-12-08 23:32:28.727013,TRADE,6100.75,1
2024-12-08 23:32:28.727112,TRADE,6100.75,1
2024-12-08 23:32:28.727216,TRADE,6100.75,1
2024-12-08 23:32:28.728150,TRADE,6100.75,1
2024-12-08 23:32:31.334005,TRADE,6101.0,1
2024-12-08 23:32:36.285377,TRADE,6100.75,5
2024-12-08 23:32:36.285625,TRADE,6100.75,1
2024-12-08 23:32:36.285723,TRADE,6100.75,1
2024-12-08 23:32:36.285877,TRADE,6100.75,1
2024-12-08 23:32:36.946612,TRADE,6100.75,1
2024-12-08 23:32:36.946719,TRADE,6100.75,1
2024-12-08 23:32:37.937833,TRADE,6100.75,1
2024-12-08 23:32:38.145202,TRADE,6100.5,1
2024-12-08 23:32:38.145470,TRADE,6100.5,1
2024-12-08 23:32:38.146171,TRADE,6100.5,1
2024-12-08 23:32:38.146457,TRADE,6100.5,1
2024-12-08 23:32:38.146711,TRADE,6100.5,1
2024-12-08 23:32:38.146810,TRADE,6100.5,1
2024-12-08 23:32:41.818004,TRADE,6100.75,2
2024-12-08 23:32:42.703608,TRADE,6100.5,1
2024-12-08 23:32:42.703713,TRADE,6100.5,2
2024-12-08 23:32:49.026418,TRADE,6100.5,1
2024-12-08 23:32:49.218105,TRADE,6100.25,1
2024-12-08 23:32:57.719118,TRADE,6100.25,1
2024-12-08 23:33:02.091149,TRADE,6100.5,1
2024-12-08 23:33:02.091444,TRADE,6100.5,1
2024-12-08 23:33:02.254086,TRADE,6100.5,8
2024-12-08 23:33:02.284816,TRADE,6100.5,3
2024-12-08 23:33:02.285120,TRADE,6100.5,1
2024-12-08 23:33:02.285362,TRADE,6100.5,1
2024-12-08 23:33:13.249821,TRADE,6100.25,1
2024-12-08 23:33:13.265791,TRADE,6100.5,1
2024-12-08 23:33:26.110197,TRADE,6100.5,1
2024-12-08 23:33:26.873042,TRADE,6100.25,1
2024-12-08 23:33:34.503892,TRADE,6100.25,15
2024-12-08 23:33:35.060747,TRADE,6100.25,5
2024-12-08 23:33:36.277581,TRADE,6100.0,1
2024-12-08 23:33:37.113530,TRADE,6100.0,1
2024-12-08 23:33:37.113814,TRADE,6100.0,1
2024-12-08 23:33:37.115298,TRADE,6100.0,18
2024-12-08 23:33:40.203260,TRADE,6099.75,1
2024-12-08 23:33:41.751836,TRADE,6099.75,1
2024-12-08 23:33:42.079557,TRADE,6099.75,1
2024-12-08 23:33:42.262640,TRADE,6099.75,10
2024-12-08 23:33:43.198843,TRADE,6100.0,1
2024-12-08 23:33:43.198959,TRADE,6100.0,2
2024-12-08 23:33:43.199044,TRADE,6100.0,1
2024-12-08 23:33:43.199145,TRADE,6100.0,1
2024-12-08 23:33:43.199231,TRADE,6100.0,1
2024-12-08 23:33:43.199343,TRADE,6100.0,1
2024-12-08 23:33:43.199436,TRADE,6100.0,1
2024-12-08 23:33:43.199726,TRADE,6100.0,1
2024-12-08 23:33:43.200172,TRADE,6100.0,2
2024-12-08 23:33:43.200476,TRADE,6100.0,1
2024-12-08 23:33:45.490413,TRADE,6100.0,3
2024-12-08 23:33:49.198647,TRADE,6100.0,4
2024-12-08 23:33:49.198875,TRADE,6100.0,1
2024-12-08 23:33:49.199259,TRADE,6100.0,1
2024-12-08 23:33:58.672520,TRADE,6100.25,1
2024-12-08 23:34:06.984867,TRADE,6100.25,18
2024-12-08 23:34:06.984867,TRADE,6100.5,24
2024-12-08 23:34:06.986110,TRADE,6100.5,2
2024-12-08 23:34:06.986254,TRADE,6100.5,2
2024-12-08 23:34:06.986572,TRADE,6100.5,2
2024-12-08 23:34:13.625427,TRADE,6100.75,1
2024-12-08 23:34:13.625489,TRADE,6100.75,1
2024-12-08 23:34:13.625489,TRADE,6100.75,1
2024-12-08 23:34:13.625837,TRADE,6100.75,1
2024-12-08 23:34:13.626161,TRADE,6100.75,1
2024-12-08 23:34:13.627824,TRADE,6100.75,1
2024-12-08 23:34:13.628238,TRADE,6100.75,1
2024-12-08 23:34:13.628551,TRADE,6100.75,2
2024-12-08 23:34:13.628863,TRADE,6100.75,1
2024-12-08 23:34:16.623469,TRADE,6100.75,3
2024-12-08 23:34:16.623705,TRADE,6100.75,1
2024-12-08 23:34:16.624047,TRADE,6100.75,2
2024-12-08 23:34:18.118218,TRADE,6100.75,1
2024-12-08 23:34:18.126370,TRADE,6100.75,1
2024-12-08 23:34:19.750375,TRADE,6100.75,1
2024-12-08 23:34:26.379380,TRADE,6100.5,2
2024-12-08 23:34:26.379777,TRADE,6100.5,5
2024-12-08 23:34:32.008472,TRADE,6100.75,2
2024-12-08 23:34:32.009252,TRADE,6100.75,2
2024-12-08 23:34:32.009706,TRADE,6100.75,1
2024-12-08 23:34:35.271977,TRADE,6100.5,1
2024-12-08 23:34:41.958867,TRADE,6100.75,3
2024-12-08 23:34:45.302130,TRADE,6100.5,1
2024-12-08 23:35:00.981650,TRADE,6100.5,2
2024-12-08 23:35:01.214704,TRADE,6100.5,1
2024-12-08 23:35:01.271512,TRADE,6100.75,3
2024-12-08 23:35:01.865317,TRADE,6100.75,1
2024-12-08 23:35:06.286451,TRADE,6100.75,1
2024-12-08 23:35:22.044327,TRADE,6100.75,1
2024-12-08 23:35:30.302819,TRADE,6100.75,1
2024-12-08 23:35:34.308154,TRADE,6100.75,1
2024-12-08 23:35:36.582326,TRADE,6100.75,1
2024-12-08 23:35:36.582600,TRADE,6100.75,1
2024-12-08 23:35:38.937440,TRADE,6100.75,1
2024-12-08 23:35:47.729806,TRADE,6100.75,1
2024-12-08 23:35:53.613376,TRADE,6100.5,1
2024-12-08 23:36:00.158072,TRADE,6100.75,1
2024-12-08 23:36:00.629115,TRADE,6100.75,1
2024-12-08 23:36:00.629484,TRADE,6100.75,2
2024-12-08 23:36:00.629593,TRADE,6100.75,1
2024-12-08 23:36:07.039996,TRADE,6100.75,2
2024-12-08 23:36:09.027792,TRADE,6100.75,2
2024-12-08 23:36:10.252241,TRADE,6100.75,1
2024-12-08 23:36:15.711431,TRADE,6101.0,1
2024-12-08 23:36:15.955249,TRADE,6101.0,1
2024-12-08 23:36:15.955375,TRADE,6101.0,3
2024-12-08 23:36:15.955469,TRADE,6101.0,2
2024-12-08 23:36:15.955547,TRADE,6101.0,1
2024-12-08 23:36:15.955699,TRADE,6101.0,5
2024-12-08 23:36:15.955792,TRADE,6101.0,1
2024-12-08 23:36:15.955893,TRADE,6101.0,2
2024-12-08 23:36:15.956055,TRADE,6101.0,1
2024-12-08 23:36:15.956223,TRADE,6101.0,1
2024-12-08 23:36:15.956324,TRADE,6101.0,1
2024-12-08 23:36:18.814704,TRADE,6101.0,1
2024-12-08 23:36:18.815075,TRADE,6101.0,1
2024-12-08 23:36:18.815203,TRADE,6101.0,1
2024-12-08 23:36:18.815467,TRADE,6101.0,1
2024-12-08 23:36:27.655250,TRADE,6101.0,1
2024-12-08 23:36:27.655613,TRADE,6101.0,5
2024-12-08 23:36:37.224430,TRADE,6100.75,1
2024-12-08 23:36:37.224691,TRADE,6100.75,1
2024-12-08 23:36:37.459735,TRADE,6101.0,1
2024-12-08 23:36:40.561186,TRADE,6100.75,3
2024-12-08 23:36:40.561700,TRADE,6100.75,6
2024-12-08 23:36:40.562110,TRADE,6100.75,1
2024-12-08 23:36:51.145567,TRADE,6101.0,6
2024-12-08 23:36:51.145567,TRADE,6101.25,32
2024-12-08 23:36:54.332042,TRADE,6101.5,19
2024-12-08 23:36:54.332058,TRADE,6101.5,1
2024-12-08 23:36:54.332058,TRADE,6101.5,1
2024-12-08 23:36:54.332058,TRADE,6101.5,1
2024-12-08 23:36:54.332058,TRADE,6101.5,1
2024-12-08 23:36:54.332371,TRADE,6101.5,1
2024-12-08 23:36:54.932610,TRADE,6101.75,1
2024-12-08 23:36:54.932623,TRADE,6101.75,1
2024-12-08 23:36:54.932712,TRADE,6101.75,1
2024-12-08 23:36:54.932971,TRADE,6101.75,5
2024-12-08 23:36:54.933233,TRADE,6101.75,1
2024-12-08 23:36:54.933582,TRADE,6101.75,5
2024-12-08 23:36:55.016856,TRADE,6101.75,2
2024-12-08 23:36:56.314898,TRADE,6101.75,2
2024-12-08 23:36:58.108008,TRADE,6101.75,4
2024-12-08 23:36:58.108267,TRADE,6101.75,1
2024-12-08 23:36:58.108408,TRADE,6101.75,1
2024-12-08 23:36:58.108517,TRADE,6101.75,1
2024-12-08 23:36:58.108798,TRADE,6101.75,1
2024-12-08 23:36:58.108919,TRADE,6101.75,1
2024-12-08 23:36:58.109184,TRADE,6101.75,1
2024-12-08 23:36:58.109304,TRADE,6101.75,2
2024-12-08 23:36:59.278707,TRADE,6101.5,1
2024-12-08 23:37:00.845452,TRADE,6101.5,1
2024-12-08 23:37:01.061215,TRADE,6101.5,8
2024-12-08 23:37:01.061567,TRADE,6101.5,1
2024-12-08 23:37:01.082781,TRADE,6101.5,1
2024-12-08 23:37:01.083183,TRADE,6101.5,1
2024-12-08 23:37:01.083426,TRADE,6101.5,1
2024-12-08 23:37:01.523135,TRADE,6101.5,2
2024-12-08 23:37:06.297627,TRADE,6101.5,1
2024-12-08 23:37:08.199861,TRADE,6101.5,1
2024-12-08 23:37:15.950109,TRADE,6101.25,1
2024-12-08 23:37:15.957192,TRADE,6101.25,1
2024-12-08 23:37:16.906446,TRADE,6101.5,1
2024-12-08 23:37:16.906679,TRADE,6101.5,1
2024-12-08 23:37:16.906791,TRADE,6101.5,1
2024-12-08 23:37:16.907067,TRADE,6101.5,1
2024-12-08 23:37:16.907886,TRADE,6101.5,1
2024-12-08 23:37:17.887947,TRADE,6101.5,1
2024-12-08 23:37:21.490891,TRADE,6101.5,1
2024-12-08 23:37:22.808004,TRADE,6101.25,1
2024-12-08 23:37:22.808415,TRADE,6101.25,11
2024-12-08 23:37:22.813678,TRADE,6101.25,5
2024-12-08 23:37:24.192773,TRADE,6101.5,6
2024-12-08 23:37:24.193072,TRADE,6101.5,1
2024-12-08 23:37:24.193179,TRADE,6101.5,1
2024-12-08 23:37:24.235662,TRADE,6101.25,1
2024-12-08 23:37:34.538781,TRADE,6101.5,1
2024-12-08 23:37:43.320117,TRADE,6101.25,6
2024-12-08 23:37:44.880076,TRADE,6101.25,6
2024-12-08 23:37:44.880076,TRADE,6101.5,14
2024-12-08 23:37:44.880440,TRADE,6101.5,1
2024-12-08 23:37:44.881185,TRADE,6101.5,1
2024-12-08 23:37:46.728615,TRADE,6101.5,6
2024-12-08 23:37:46.729211,TRADE,6101.5,2
2024-12-08 23:37:46.729482,TRADE,6101.5,1
2024-12-08 23:37:46.729611,TRADE,6101.5,2
2024-12-08 23:37:46.729718,TRADE,6101.5,1
2024-12-08 23:37:46.729952,TRADE,6101.5,1
2024-12-08 23:37:48.672154,TRADE,6101.5,1
2024-12-08 23:37:50.245512,TRADE,6101.5,1
2024-12-08 23:37:51.901567,TRADE,6101.75,1
2024-12-08 23:37:54.134220,TRADE,6101.5,2
2024-12-08 23:37:54.134473,TRADE,6101.5,1
2024-12-08 23:37:54.135885,TRADE,6101.5,1
2024-12-08 23:37:54.136263,TRADE,6101.5,1
2024-12-08 23:37:54.136401,TRADE,6101.5,1
2024-12-08 23:37:54.875568,TRADE,6101.75,23
2024-12-08 23:37:54.877547,TRADE,6102.0,4
2024-12-08 23:37:54.877560,TRADE,6102.0,1
2024-12-08 23:37:54.877560,TRADE,6102.0,2
2024-12-08 23:37:54.877706,TRADE,6102.0,2
2024-12-08 23:37:54.877796,TRADE,6102.0,1
2024-12-08 23:37:54.878083,TRADE,6102.0,13
2024-12-08 23:37:54.878166,TRADE,6102.0,5
2024-12-08 23:37:54.878253,TRADE,6102.0,1
2024-12-08 23:37:54.878366,TRADE,6102.0,4
2024-12-08 23:37:54.885073,TRADE,6102.0,1
2024-12-08 23:37:54.890630,TRADE,6102.0,6
2024-12-08 23:37:54.891177,TRADE,6102.0,1
2024-12-08 23:37:55.612512,TRADE,6101.75,3
2024-12-08 23:37:55.612606,TRADE,6101.75,2
2024-12-08 23:37:55.613397,TRADE,6101.75,1
2024-12-08 23:37:55.699092,TRADE,6101.75,3
2024-12-08 23:37:56.008588,TRADE,6101.75,2
2024-12-08 23:37:56.008649,TRADE,6101.75,1
2024-12-08 23:37:56.008748,TRADE,6101.75,1
2024-12-08 23:37:56.008899,TRADE,6101.75,1
2024-12-08 23:37:56.009190,TRADE,6101.75,1
2024-12-08 23:37:56.928005,TRADE,6102.0,4
2024-12-08 23:37:58.561543,TRADE,6102.0,7
2024-12-08 23:38:02.484488,TRADE,6102.0,1
2024-12-08 23:38:04.837876,TRADE,6102.0,10
2024-12-08 23:38:04.838080,TRADE,6102.0,1
2024-12-08 23:38:04.838304,TRADE,6102.0,1
2024-12-08 23:38:04.838555,TRADE,6102.0,2
2024-12-08 23:38:07.143085,TRADE,6101.75,8
2024-12-08 23:38:07.338007,TRADE,6101.75,1
2024-12-08 23:38:08.981584,TRADE,6101.75,1
2024-12-08 23:38:09.285748,TRADE,6101.75,2
2024-12-08 23:38:12.622358,TRADE,6101.75,8
2024-12-08 23:38:12.622926,TRADE,6101.75,4
2024-12-08 23:38:12.623243,TRADE,6101.75,1
2024-12-08 23:38:13.335155,TRADE,6101.5,3
2024-12-08 23:38:13.335438,TRADE,6101.5,1
2024-12-08 23:38:13.352829,TRADE,6101.5,2
2024-12-08 23:38:16.621329,TRADE,6101.5,3
2024-12-08 23:38:16.621565,TRADE,6101.5,1
2024-12-08 23:38:16.621954,TRADE,6101.5,1
2024-12-08 23:38:22.396902,TRADE,6101.5,1
2024-12-08 23:38:22.396967,TRADE,6101.5,1
2024-12-08 23:38:29.728741,TRADE,6101.5,2
2024-12-08 23:38:29.753381,TRADE,6101.5,2
2024-12-08 23:38:29.969353,TRADE,6101.25,5
2024-12-08 23:38:30.789368,TRADE,6101.5,7
2024-12-08 23:38:30.789880,TRADE,6101.5,2
2024-12-08 23:38:30.929257,TRADE,6101.5,2
2024-12-08 23:38:37.844437,TRADE,6101.75,5
2024-12-08 23:38:37.844726,TRADE,6101.75,1
2024-12-08 23:38:37.844837,TRADE,6101.75,1
2024-12-08 23:38:37.844904,TRADE,6101.75,1
2024-12-08 23:38:37.845239,TRADE,6101.75,3
2024-12-08 23:38:37.874265,TRADE,6101.75,1
2024-12-08 23:38:37.874513,TRADE,6101.75,1
2024-12-08 23:38:37.875448,TRADE,6101.75,1
2024-12-08 23:38:38.052752,TRADE,6101.75,2
2024-12-08 23:38:38.053124,TRADE,6101.75,2
2024-12-08 23:38:38.053462,TRADE,6101.75,3
2024-12-08 23:38:39.349699,TRADE,6101.75,4
2024-12-08 23:38:43.865420,TRADE,6102.0,3
2024-12-08 23:38:43.865754,TRADE,6101.75,1
