time,type,price,size
2024-10-24 00:00:00.001750,TRADE,5842.75,5
2024-10-24 00:00:00.001958,TRADE,5842.75,1
2024-10-24 00:00:00.075582,TRADE,5842.5,5
2024-10-24 00:00:00.075679,TRADE,5842.5,2
2024-10-24 00:00:00.075679,TRADE,5842.5,3
2024-10-24 00:00:00.212971,TRADE,5842.5,1
2024-10-24 00:00:00.243280,TRADE,5842.5,1
2024-10-24 00:00:00.268922,TRADE,5842.5,4
2024-10-24 00:00:00.269040,TRADE,5842.5,2
2024-10-24 00:00:00.301404,TRADE,5842.75,4
2024-10-24 00:00:00.301627,TRADE,5842.75,6
2024-10-24 00:00:00.602282,TRADE,5842.75,2
2024-10-24 00:00:00.602367,TRADE,5842.75,4
2024-10-24 00:00:00.602419,TRADE,5842.75,1
2024-10-24 00:00:00.666126,TRADE,5842.75,4
2024-10-24 00:00:01.531034,TRADE,5842.5,2
2024-10-24 00:00:01.531210,TRADE,5842.5,1
2024-10-24 00:00:01.531302,TRADE,5842.5,4
2024-10-24 00:00:01.560483,TRADE,5842.5,2
2024-10-24 00:00:01.560712,TRADE,5842.5,4
2024-10-24 00:00:03.355780,TRADE,5842.75,6
2024-10-24 00:00:03.355983,TRADE,5842.75,3
2024-10-24 00:00:03.358920,TRADE,5842.75,1
2024-10-24 00:00:04.965903,TRADE,5842.75,3
2024-10-24 00:00:04.966101,TRADE,5842.75,1
2024-10-24 00:00:04.966150,TRADE,5842.75,1
2024-10-24 00:00:06.899756,TRADE,5842.75,1
2024-10-24 00:00:07.010930,TRADE,5842.75,1
2024-10-24 00:00:07.124966,TRADE,5842.75,1
2024-10-24 00:00:07.147601,TRADE,5842.75,2
2024-10-24 00:00:07.147812,TRADE,5842.75,1
2024-10-24 00:00:07.440829,TRADE,5842.75,1
2024-10-24 00:00:08.485441,TRADE,5843.0,2
2024-10-24 00:00:08.485707,TRADE,5843.0,9
2024-10-24 00:00:08.658911,TRADE,5843.0,1
2024-10-24 00:00:08.659095,TRADE,5843.0,1
2024-10-24 00:00:10.380525,TRADE,5843.0,1
2024-10-24 00:00:12.759023,TRADE,5843.0,1
2024-10-24 00:00:16.683565,TRADE,5842.75,5
2024-10-24 00:00:17.249851,TRADE,5842.75,1
2024-10-24 00:00:17.250089,TRADE,5842.75,4
2024-10-24 00:00:17.250127,TRADE,5842.75,1
2024-10-24 00:00:21.979142,TRADE,5842.75,1
2024-10-24 00:00:22.517037,TRADE,5842.75,2
2024-10-24 00:00:22.517241,TRADE,5842.75,1
2024-10-24 00:00:23.577902,TRADE,5842.75,1
2024-10-24 00:00:28.862517,TRADE,5842.75,1
2024-10-24 00:00:30.360775,TRADE,5842.75,1
2024-10-24 00:00:38.077400,TRADE,5842.75,1
2024-10-24 00:00:38.377257,TRADE,5842.5,2
2024-10-24 00:00:38.377570,TRADE,5842.5,1
2024-10-24 00:00:39.634026,TRADE,5842.5,2
2024-10-24 00:00:39.671272,TRADE,5842.5,2
2024-10-24 00:00:45.672969,TRADE,5842.5,1
2024-10-24 00:00:45.862161,TRADE,5842.5,3
2024-10-24 00:00:45.862272,TRADE,5842.5,1
2024-10-24 00:00:46.109582,TRADE,5842.5,1
2024-10-24 00:00:46.787833,TRADE,5842.5,1
2024-10-24 00:00:49.862370,TRADE,5842.5,1
2024-10-24 00:00:52.013097,TRADE,5842.5,1
2024-10-24 00:00:52.449138,TRADE,5842.5,2
2024-10-24 00:00:52.449516,TRADE,5842.5,2
2024-10-24 00:00:52.449704,TRADE,5842.5,1
2024-10-24 00:00:52.450888,TRADE,5842.5,1
2024-10-24 00:00:52.450945,TRADE,5842.5,2
2024-10-24 00:00:53.650818,TRADE,5842.5,1
2024-10-24 00:00:58.862138,TRADE,5842.5,1
2024-10-24 00:01:02.016812,TRADE,5842.5,7
2024-10-24 00:01:03.754156,TRADE,5842.5,1
2024-10-24 00:01:03.754321,TRADE,5842.5,1
2024-10-24 00:01:03.754408,TRADE,5842.5,7
2024-10-24 00:01:08.863107,TRADE,5842.25,2
2024-10-24 00:01:08.863225,TRADE,5842.25,1
2024-10-24 00:01:08.863225,TRADE,5842.25,1
2024-10-24 00:01:08.863225,TRADE,5842.25,1
2024-10-24 00:01:08.863225,TRADE,5842.25,2
2024-10-24 00:01:08.863282,TRADE,5842.25,1
2024-10-24 00:01:10.165797,TRADE,5842.25,2
2024-10-24 00:01:10.165821,TRADE,5842.25,2
2024-10-24 00:01:10.395381,TRADE,5842.25,2
2024-10-24 00:01:12.152510,TRADE,5842.25,1
2024-10-24 00:01:14.321032,TRADE,5842.25,2
2024-10-24 00:01:15.826842,TRADE,5842.25,2
2024-10-24 00:01:20.136939,TRADE,5842.5,1
2024-10-24 00:01:20.137233,TRADE,5842.5,1
2024-10-24 00:01:20.139531,TRADE,5842.5,4
2024-10-24 00:01:20.140220,TRADE,5842.5,2
2024-10-24 00:01:22.245224,TRADE,5842.75,2
2024-10-24 00:01:22.245426,TRADE,5842.75,6
2024-10-24 00:01:22.604581,TRADE,5842.75,1
2024-10-24 00:01:24.047789,TRADE,5842.75,9
2024-10-24 00:01:24.514116,TRADE,5842.75,3
2024-10-24 00:01:24.514167,TRADE,5842.75,1
2024-10-24 00:01:26.120935,TRADE,5842.75,2
2024-10-24 00:01:26.121138,TRADE,5842.75,1
2024-10-24 00:01:27.446101,TRADE,5842.75,1
2024-10-24 00:01:28.815129,TRADE,5842.75,3
2024-10-24 00:01:28.815155,TRADE,5842.75,1
2024-10-24 00:01:30.718345,TRADE,5842.75,1
2024-10-24 00:01:39.963658,TRADE,5842.5,5
2024-10-24 00:01:40.889009,TRADE,5842.5,1
2024-10-24 00:01:40.889174,TRADE,5842.5,1
2024-10-24 00:01:42.118718,TRADE,5842.5,1
2024-10-24 00:01:42.119057,TRADE,5842.5,1
2024-10-24 00:01:48.779246,TRADE,5842.5,2
2024-10-24 00:01:48.779275,TRADE,5842.5,1
2024-10-24 00:01:54.226028,TRADE,5842.5,1
2024-10-24 00:01:56.853525,TRADE,5842.5,1
2024-10-24 00:01:58.100558,TRADE,5842.5,2
2024-10-24 00:01:59.374264,TRADE,5842.5,1
2024-10-24 00:01:59.374557,TRADE,5842.5,1
2024-10-24 00:01:59.964123,TRADE,5842.5,1
2024-10-24 00:02:05.085008,TRADE,5842.5,1
2024-10-24 00:02:08.370345,TRADE,5842.25,4
2024-10-24 00:02:08.370762,TRADE,5842.25,1
2024-10-24 00:02:08.370934,TRADE,5842.25,1
2024-10-24 00:02:10.155779,TRADE,5842.25,2
2024-10-24 00:02:10.178802,TRADE,5842.0,1
2024-10-24 00:02:10.179808,TRADE,5842.0,1
2024-10-24 00:02:10.179808,TRADE,5842.0,2
2024-10-24 00:02:10.179853,TRADE,5842.0,2
2024-10-24 00:02:10.180045,TRADE,5842.0,5
2024-10-24 00:02:12.122805,TRADE,5841.75,2
2024-10-24 00:02:12.122817,TRADE,5841.75,3
2024-10-24 00:02:12.122817,TRADE,5841.75,1
2024-10-24 00:02:14.972788,TRADE,5842.0,2
2024-10-24 00:02:14.973038,TRADE,5842.0,1
2024-10-24 00:02:17.202767,TRADE,5842.25,1
2024-10-24 00:02:17.202882,TRADE,5842.25,2
2024-10-24 00:02:17.202882,TRADE,5842.25,2
2024-10-24 00:02:17.202882,TRADE,5842.25,1
2024-10-24 00:02:18.848852,TRADE,5842.25,1
2024-10-24 00:02:24.952815,TRADE,5842.5,11
2024-10-24 00:02:26.088404,TRADE,5842.75,2
2024-10-24 00:02:26.088418,TRADE,5842.75,3
2024-10-24 00:02:26.088978,TRADE,5842.75,2
2024-10-24 00:02:26.089177,TRADE,5842.75,1
2024-10-24 00:02:26.089419,TRADE,5842.75,3
2024-10-24 00:02:26.089599,TRADE,5842.75,1
2024-10-24 00:02:26.089982,TRADE,5842.75,1
2024-10-24 00:02:26.925744,TRADE,5842.5,3
2024-10-24 00:02:27.988344,TRADE,5842.5,1
2024-10-24 00:02:28.524635,TRADE,5842.75,2
2024-10-24 00:02:28.524814,TRADE,5842.75,1
2024-10-24 00:02:28.526607,TRADE,5842.75,1
2024-10-24 00:02:29.805662,TRADE,5842.75,2
2024-10-24 00:02:37.461010,TRADE,5843.0,1
2024-10-24 00:02:37.461022,TRADE,5843.0,1
2024-10-24 00:02:37.461277,TRADE,5843.0,11
2024-10-24 00:02:37.461356,TRADE,5843.0,1
2024-10-24 00:02:37.461412,TRADE,5843.0,3
2024-10-24 00:02:37.461711,TRADE,5843.0,1
2024-10-24 00:02:37.683607,TRADE,5843.0,1
2024-10-24 00:02:37.683660,TRADE,5843.0,2
2024-10-24 00:02:37.683712,TRADE,5843.0,3
2024-10-24 00:02:37.683885,TRADE,5843.0,1
2024-10-24 00:02:37.683947,TRADE,5843.0,1
2024-10-24 00:02:37.683947,TRADE,5843.0,1
2024-10-24 00:02:37.683998,TRADE,5843.0,1
2024-10-24 00:02:37.684173,TRADE,5843.0,1
2024-10-24 00:02:40.704312,TRADE,5843.0,2
2024-10-24 00:02:42.103034,TRADE,5843.0,2
2024-10-24 00:02:43.854856,TRADE,5842.75,16
2024-10-24 00:02:44.039951,TRADE,5842.75,7
2024-10-24 00:02:45.414330,TRADE,5842.5,1
2024-10-24 00:02:50.831092,TRADE,5842.5,3
2024-10-24 00:02:50.831208,TRADE,5842.5,2
2024-10-24 00:02:50.831208,TRADE,5842.5,3
2024-10-24 00:02:50.831261,TRADE,5842.5,1
2024-10-24 00:02:50.831533,TRADE,5842.5,1
2024-10-24 00:02:50.831767,TRADE,5842.5,3
2024-10-24 00:02:50.831912,TRADE,5842.5,1
2024-10-24 00:02:50.838335,TRADE,5842.5,1
2024-10-24 00:02:50.838543,TRADE,5842.5,1
2024-10-24 00:02:54.196074,TRADE,5842.5,1
2024-10-24 00:02:54.196292,TRADE,5842.5,2
2024-10-24 00:03:00.340263,TRADE,5842.5,2
2024-10-24 00:03:00.567799,TRADE,5842.5,1
2024-10-24 00:03:00.567846,TRADE,5842.5,1
2024-10-24 00:03:01.642888,TRADE,5842.5,2
2024-10-24 00:03:02.296872,TRADE,5842.75,1
2024-10-24 00:03:02.296918,TRADE,5842.75,2
2024-10-24 00:03:02.296918,TRADE,5842.75,2
2024-10-24 00:03:02.296994,TRADE,5842.75,3
2024-10-24 00:03:02.297110,TRADE,5842.75,3
2024-10-24 00:03:02.297144,TRADE,5842.75,8
2024-10-24 00:03:02.297243,TRADE,5842.75,1
2024-10-24 00:03:02.297496,TRADE,5842.75,1
2024-10-24 00:03:07.014561,TRADE,5843.0,4
2024-10-24 00:03:07.014809,TRADE,5843.0,2
2024-10-24 00:03:07.014861,TRADE,5843.0,2
2024-10-24 00:03:18.064261,TRADE,5843.25,1
2024-10-24 00:03:18.309600,TRADE,5843.25,1
2024-10-24 00:03:18.743774,TRADE,5843.25,1
2024-10-24 00:03:27.597152,TRADE,5843.0,6
2024-10-24 00:03:27.597249,TRADE,5843.0,2
2024-10-24 00:03:27.597249,TRADE,5843.0,3
2024-10-24 00:03:27.597249,TRADE,5843.0,2
2024-10-24 00:03:27.597363,TRADE,5843.0,2
2024-10-24 00:03:27.597457,TRADE,5843.0,8
2024-10-24 00:03:27.600966,TRADE,5843.0,1
2024-10-24 00:03:27.601142,TRADE,5843.0,2
2024-10-24 00:03:27.601194,TRADE,5843.0,2
2024-10-24 00:03:27.769823,TRADE,5843.0,2
2024-10-24 00:03:28.952048,TRADE,5843.0,2
2024-10-24 00:03:31.108682,TRADE,5843.0,2
2024-10-24 00:03:32.091727,TRADE,5842.75,16
2024-10-24 00:03:32.103882,TRADE,5842.75,1
2024-10-24 00:03:33.005191,TRADE,5842.5,2
2024-10-24 00:03:33.005396,TRADE,5842.5,2
2024-10-24 00:03:33.005449,TRADE,5842.5,1
2024-10-24 00:03:33.005780,TRADE,5842.5,2
2024-10-24 00:03:33.245748,TRADE,5842.5,1
2024-10-24 00:03:33.246050,TRADE,5842.5,1
2024-10-24 00:03:33.803730,TRADE,5842.5,1
2024-10-24 00:03:33.803786,TRADE,5842.5,1
2024-10-24 00:03:34.173798,TRADE,5842.5,2
2024-10-24 00:03:34.173962,TRADE,5842.5,1
2024-10-24 00:03:37.998920,TRADE,5842.5,1
2024-10-24 00:03:38.373949,TRADE,5842.5,2
2024-10-24 00:03:38.374179,TRADE,5842.5,1
2024-10-24 00:03:38.836517,TRADE,5842.5,1
2024-10-24 00:03:43.203800,TRADE,5842.75,1
2024-10-24 00:03:50.067841,TRADE,5842.75,6
2024-10-24 00:03:50.068006,TRADE,5842.75,1
2024-10-24 00:03:50.068117,TRADE,5842.75,1
2024-10-24 00:03:55.911151,TRADE,5842.75,1
2024-10-24 00:03:55.911197,TRADE,5842.75,2
2024-10-24 00:03:55.976721,TRADE,5842.75,2
2024-10-24 00:04:00.645876,TRADE,5842.75,1
2024-10-24 00:04:03.048291,TRADE,5842.75,2
2024-10-24 00:04:08.685659,TRADE,5842.75,1
2024-10-24 00:04:08.685687,TRADE,5842.75,1
2024-10-24 00:04:08.686971,TRADE,5842.75,1
2024-10-24 00:04:22.228007,TRADE,5842.5,10
2024-10-24 00:04:22.228007,TRADE,5842.25,24
2024-10-24 00:04:22.228007,TRADE,5842.0,16
2024-10-24 00:04:22.228920,TRADE,5842.5,1
2024-10-24 00:04:22.233284,TRADE,5842.25,6
2024-10-24 00:04:22.233615,TRADE,5842.25,1
2024-10-24 00:04:22.233669,TRADE,5842.25,1
2024-10-24 00:04:22.233729,TRADE,5842.25,1
2024-10-24 00:04:22.233814,TRADE,5842.25,1
2024-10-24 00:04:22.234058,TRADE,5842.25,2
2024-10-24 00:04:22.881778,TRADE,5842.0,2
2024-10-24 00:04:23.061591,TRADE,5842.0,6
2024-10-24 00:04:23.061679,TRADE,5842.0,2
2024-10-24 00:04:23.061679,TRADE,5842.0,2
2024-10-24 00:04:23.061719,TRADE,5842.0,1
2024-10-24 00:04:27.466688,TRADE,5842.0,1
2024-10-24 00:04:28.732267,TRADE,5842.0,2
2024-10-24 00:04:28.732465,TRADE,5842.0,1
2024-10-24 00:04:28.732497,TRADE,5842.0,3
2024-10-24 00:04:28.732537,TRADE,5842.0,1
2024-10-24 00:04:29.173423,TRADE,5842.0,1
2024-10-24 00:04:29.206675,TRADE,5842.0,1
2024-10-24 00:04:29.631653,TRADE,5842.0,1
2024-10-24 00:04:30.355911,TRADE,5842.0,1
2024-10-24 00:04:30.355946,TRADE,5842.0,2
2024-10-24 00:04:32.991226,TRADE,5842.0,1
2024-10-24 00:04:37.202225,TRADE,5842.0,1
2024-10-24 00:04:37.320975,TRADE,5842.0,2
2024-10-24 00:04:42.072675,TRADE,5842.0,1
2024-10-24 00:04:44.448383,TRADE,5842.0,1
2024-10-24 00:04:46.321899,TRADE,5841.75,17
2024-10-24 00:04:46.321899,TRADE,5841.5,29
2024-10-24 00:04:46.321899,TRADE,5841.25,4
2024-10-24 00:04:46.321952,TRADE,5841.25,1
2024-10-24 00:04:46.321959,TRADE,5841.25,1
2024-10-24 00:04:47.568022,TRADE,5841.5,1
2024-10-24 00:04:47.601482,TRADE,5841.75,3
2024-10-24 00:04:50.604003,TRADE,5841.5,2
2024-10-24 00:04:50.604117,TRADE,5841.5,1
2024-10-24 00:04:52.336736,TRADE,5841.5,1
2024-10-24 00:04:52.336766,TRADE,5841.5,1
2024-10-24 00:04:53.210577,TRADE,5841.25,3
2024-10-24 00:04:53.236670,TRADE,5841.5,1
2024-10-24 00:04:59.085597,TRADE,5841.25,1
2024-10-24 00:05:00.220606,TRADE,5841.5,1
2024-10-24 00:05:00.221009,TRADE,5841.5,1
2024-10-24 00:05:00.575257,TRADE,5841.5,1
2024-10-24 00:05:01.051086,TRADE,5841.5,4
2024-10-24 00:05:01.293012,TRADE,5841.25,1
2024-10-24 00:05:02.276349,TRADE,5841.5,1
2024-10-24 00:05:03.684691,TRADE,5841.5,1
2024-10-24 00:05:07.966026,TRADE,5841.75,2
2024-10-24 00:05:08.650728,TRADE,5841.75,2
2024-10-24 00:05:09.040031,TRADE,5841.75,1
2024-10-24 00:05:09.040467,TRADE,5841.75,1
2024-10-24 00:05:10.206265,TRADE,5841.75,1
2024-10-24 00:05:12.125185,TRADE,5841.75,1
2024-10-24 00:05:12.125873,TRADE,5841.75,2
2024-10-24 00:05:14.751470,TRADE,5841.75,2
2024-10-24 00:05:19.355662,TRADE,5841.75,2
2024-10-24 00:05:19.389208,TRADE,5841.75,1
2024-10-24 00:05:21.340703,TRADE,5841.5,1
2024-10-24 00:05:21.340896,TRADE,5841.5,1
2024-10-24 00:05:21.340983,TRADE,5841.5,3
2024-10-24 00:05:22.238780,TRADE,5841.5,6
2024-10-24 00:05:23.301153,TRADE,5841.75,2
2024-10-24 00:05:27.987079,TRADE,5841.75,1
2024-10-24 00:05:30.084271,TRADE,5841.75,1
2024-10-24 00:05:30.084301,TRADE,5841.75,2
2024-10-24 00:05:33.951830,TRADE,5842.0,6
2024-10-24 00:05:36.025094,TRADE,5842.25,1
2024-10-24 00:05:36.025304,TRADE,5842.25,1
2024-10-24 00:05:36.025376,TRADE,5842.25,2
2024-10-24 00:05:36.025443,TRADE,5842.25,3
2024-10-24 00:05:36.025510,TRADE,5842.25,5
2024-10-24 00:05:46.097340,TRADE,5842.0,4
2024-10-24 00:05:50.945740,TRADE,5842.25,2
2024-10-24 00:05:52.188705,TRADE,5842.25,1
2024-10-24 00:05:52.188723,TRADE,5842.25,2
2024-10-24 00:06:00.981924,TRADE,5842.25,5
2024-10-24 00:06:01.005592,TRADE,5842.25,1
2024-10-24 00:06:01.006318,TRADE,5842.25,1
2024-10-24 00:06:02.171976,TRADE,5842.25,1
2024-10-24 00:06:03.355591,TRADE,5842.25,1
2024-10-24 00:06:03.355610,TRADE,5842.25,1
2024-10-24 00:06:03.966386,TRADE,5842.5,1
2024-10-24 00:06:16.057504,TRADE,5842.25,27
2024-10-24 00:06:16.058596,TRADE,5842.0,1
2024-10-24 00:06:16.058703,TRADE,5842.0,3
2024-10-24 00:06:16.388844,TRADE,5841.75,3
2024-10-24 00:06:17.789060,TRADE,5841.5,2
2024-10-24 00:06:17.789071,TRADE,5841.5,1
2024-10-24 00:06:17.789349,TRADE,5841.5,1
2024-10-24 00:06:17.789567,TRADE,5841.5,2
2024-10-24 00:06:17.789608,TRADE,5841.5,1
2024-10-24 00:06:22.827391,TRADE,5841.75,1
2024-10-24 00:06:22.860525,TRADE,5841.75,1
2024-10-24 00:06:22.898081,TRADE,5841.75,1
2024-10-24 00:06:23.083163,TRADE,5841.75,3
2024-10-24 00:06:23.083236,TRADE,5841.75,1
2024-10-24 00:06:23.083236,TRADE,5841.75,1
2024-10-24 00:06:23.083748,TRADE,5841.75,1
2024-10-24 00:06:23.096563,TRADE,5841.75,1
2024-10-24 00:06:23.097229,TRADE,5841.75,1
2024-10-24 00:06:35.247634,TRADE,5841.75,2
2024-10-24 00:06:36.729869,TRADE,5841.75,3
2024-10-24 00:06:46.363402,TRADE,5842.0,1
2024-10-24 00:06:46.363662,TRADE,5842.0,6
2024-10-24 00:06:46.363778,TRADE,5842.0,2
2024-10-24 00:06:46.363778,TRADE,5842.0,2
2024-10-24 00:06:46.363854,TRADE,5842.0,1
2024-10-24 00:06:46.414862,TRADE,5842.0,1
2024-10-24 00:06:46.415069,TRADE,5842.0,4
2024-10-24 00:06:46.415112,TRADE,5842.0,1
2024-10-24 00:06:46.415406,TRADE,5842.0,1
2024-10-24 00:06:51.337833,TRADE,5842.0,2
2024-10-24 00:06:51.337833,TRADE,5841.75,1
2024-10-24 00:06:51.338153,TRADE,5842.0,1
2024-10-24 00:06:51.338359,TRADE,5842.0,1
2024-10-24 00:06:51.483015,TRADE,5842.0,1
2024-10-24 00:06:53.315084,TRADE,5841.75,1
2024-10-24 00:07:00.073693,TRADE,5841.75,1
2024-10-24 00:07:04.238884,TRADE,5841.75,2
2024-10-24 00:07:04.239179,TRADE,5841.75,1
2024-10-24 00:07:04.239367,TRADE,5841.75,1
2024-10-24 00:07:04.239420,TRADE,5841.75,1
2024-10-24 00:07:07.953698,TRADE,5841.5,2
2024-10-24 00:07:07.953808,TRADE,5841.5,2
2024-10-24 00:07:07.953808,TRADE,5841.5,2
2024-10-24 00:07:08.339150,TRADE,5841.5,2
2024-10-24 00:07:10.112855,TRADE,5841.5,1
2024-10-24 00:07:10.378711,TRADE,5841.5,1
2024-10-24 00:07:10.378884,TRADE,5841.5,1
2024-10-24 00:07:10.379007,TRADE,5841.5,1
2024-10-24 00:07:11.754680,TRADE,5841.5,1
2024-10-24 00:07:14.147077,TRADE,5841.5,2
2024-10-24 00:07:14.229808,TRADE,5841.5,2
2024-10-24 00:07:15.758718,TRADE,5841.5,1
2024-10-24 00:07:15.759628,TRADE,5841.5,1
2024-10-24 00:07:17.372304,TRADE,5841.5,7
2024-10-24 00:07:17.373676,TRADE,5841.5,1
2024-10-24 00:07:20.203103,TRADE,5841.5,1
2024-10-24 00:07:25.454015,TRADE,5841.5,2
2024-10-24 00:07:25.454089,TRADE,5841.5,3
2024-10-24 00:07:25.454280,TRADE,5841.5,2
2024-10-24 00:07:25.454280,TRADE,5841.5,2
2024-10-24 00:07:25.698838,TRADE,5841.5,1
2024-10-24 00:07:25.698892,TRADE,5841.5,4
2024-10-24 00:07:25.699591,TRADE,5841.5,1
2024-10-24 00:07:25.699755,TRADE,5841.5,1
2024-10-24 00:07:31.687425,TRADE,5841.75,1
2024-10-24 00:07:31.688627,TRADE,5841.75,5
2024-10-24 00:07:37.032422,TRADE,5841.75,2
2024-10-24 00:07:37.032448,TRADE,5841.75,1
2024-10-24 00:07:42.250454,TRADE,5841.75,1
2024-10-24 00:07:42.250894,TRADE,5841.75,1
2024-10-24 00:07:54.686929,TRADE,5841.75,1
2024-10-24 00:07:54.687231,TRADE,5841.75,1
2024-10-24 00:07:54.687691,TRADE,5841.75,1
2024-10-24 00:07:55.387047,TRADE,5841.75,1
2024-10-24 00:07:55.420475,TRADE,5841.75,6
2024-10-24 00:07:55.420475,TRADE,5841.5,4
2024-10-24 00:08:00.173742,TRADE,5841.75,1
2024-10-24 00:08:00.173940,TRADE,5841.75,1
2024-10-24 00:08:00.174297,TRADE,5841.75,1
2024-10-24 00:08:00.174544,TRADE,5841.75,1
2024-10-24 00:08:00.298166,TRADE,5841.75,1
2024-10-24 00:08:04.133807,TRADE,5841.75,1
2024-10-24 00:08:06.854220,TRADE,5841.75,1
2024-10-24 00:08:08.665199,TRADE,5841.75,1
2024-10-24 00:08:11.099705,TRADE,5842.0,1
2024-10-24 00:08:11.100572,TRADE,5842.0,1
2024-10-24 00:08:11.101135,TRADE,5842.0,2
2024-10-24 00:08:11.121553,TRADE,5842.0,1
2024-10-24 00:08:11.349574,TRADE,5842.0,2
2024-10-24 00:08:14.399972,TRADE,5841.75,1
2024-10-24 00:08:17.310367,TRADE,5842.0,1
2024-10-24 00:08:19.404981,TRADE,5842.0,1
2024-10-24 00:08:19.405387,TRADE,5842.0,1
2024-10-24 00:08:19.486616,TRADE,5841.75,1
2024-10-24 00:08:19.798113,TRADE,5842.0,1
2024-10-24 00:08:20.223640,TRADE,5842.0,1
2024-10-24 00:08:20.224242,TRADE,5842.0,1
2024-10-24 00:08:22.092350,TRADE,5842.0,1
2024-10-24 00:08:22.117574,TRADE,5842.25,1
2024-10-24 00:08:26.765891,TRADE,5842.0,1
2024-10-24 00:08:27.861864,TRADE,5842.0,9
2024-10-24 00:08:28.327523,TRADE,5842.0,1
2024-10-24 00:08:30.466238,TRADE,5842.0,1
2024-10-24 00:08:30.466458,TRADE,5842.0,5
2024-10-24 00:08:30.466501,TRADE,5842.0,5
2024-10-24 00:08:30.466685,TRADE,5842.0,1
2024-10-24 00:08:35.882663,TRADE,5841.75,9
2024-10-24 00:08:36.355699,TRADE,5841.5,8
2024-10-24 00:08:36.355746,TRADE,5841.5,2
2024-10-24 00:08:36.356205,TRADE,5841.5,1
2024-10-24 00:08:37.750611,TRADE,5841.5,1
2024-10-24 00:08:40.544977,TRADE,5841.5,1
2024-10-24 00:08:40.545558,TRADE,5841.5,1
2024-10-24 00:08:42.137479,TRADE,5841.5,1
2024-10-24 00:08:42.138105,TRADE,5841.5,2
2024-10-24 00:08:42.138468,TRADE,5841.5,2
2024-10-24 00:08:42.138680,TRADE,5841.5,1
2024-10-24 00:08:56.772173,TRADE,5841.5,1
2024-10-24 00:09:00.879586,TRADE,5841.25,3
2024-10-24 00:09:00.879673,TRADE,5841.25,2
2024-10-24 00:09:00.879779,TRADE,5841.25,6
2024-10-24 00:09:00.879812,TRADE,5841.25,1
2024-10-24 00:09:00.879865,TRADE,5841.25,2
2024-10-24 00:09:00.879910,TRADE,5841.25,1
2024-10-24 00:09:07.062514,TRADE,5841.25,1
2024-10-24 00:09:09.632830,TRADE,5841.0,8
2024-10-24 00:09:09.632845,TRADE,5840.75,1
2024-10-24 00:09:09.632845,TRADE,5840.75,3
2024-10-24 00:09:09.632855,TRADE,5840.75,1
2024-10-24 00:09:09.632864,TRADE,5840.75,1
2024-10-24 00:09:10.100102,TRADE,5841.0,1
2024-10-24 00:09:10.100267,TRADE,5841.0,1
2024-10-24 00:09:10.100565,TRADE,5841.0,1
2024-10-24 00:09:11.479518,TRADE,5841.0,3
2024-10-24 00:09:11.479518,TRADE,5841.25,17
2024-10-24 00:09:11.480138,TRADE,5841.0,3
2024-10-24 00:09:11.480237,TRADE,5841.25,1
2024-10-24 00:09:11.480303,TRADE,5841.25,2
2024-10-24 00:09:12.477785,TRADE,5841.25,1
2024-10-24 00:09:13.388671,TRADE,5841.0,5
2024-10-24 00:09:18.375754,TRADE,5841.0,1
2024-10-24 00:09:20.762911,TRADE,5841.0,1
2024-10-24 00:09:21.802947,TRADE,5841.0,2
2024-10-24 00:09:21.803005,TRADE,5841.0,3
2024-10-24 00:09:21.814718,TRADE,5841.0,1
2024-10-24 00:09:23.165340,TRADE,5841.0,1
2024-10-24 00:09:23.165706,TRADE,5841.0,1
2024-10-24 00:09:23.418803,TRADE,5841.0,1
2024-10-24 00:09:23.419488,TRADE,5841.0,1
2024-10-24 00:09:28.353151,TRADE,5840.75,1
2024-10-24 00:09:29.963324,TRADE,5840.75,1
2024-10-24 00:09:31.795916,TRADE,5841.0,4
2024-10-24 00:09:32.585608,TRADE,5841.25,1
2024-10-24 00:09:33.805838,TRADE,5841.0,1
2024-10-24 00:09:38.701568,TRADE,5841.25,1
2024-10-24 00:09:39.208610,TRADE,5841.25,1
2024-10-24 00:09:40.057393,TRADE,5841.25,1
2024-10-24 00:09:40.057429,TRADE,5841.25,1
2024-10-24 00:09:45.000580,TRADE,5841.25,1
2024-10-24 00:09:47.807925,TRADE,5841.5,1
2024-10-24 00:09:47.918074,TRADE,5841.5,1
2024-10-24 00:09:48.028631,TRADE,5841.5,2
2024-10-24 00:09:49.969277,TRADE,5841.5,1
2024-10-24 00:09:50.274684,TRADE,5841.5,1
2024-10-24 00:09:50.743625,TRADE,5841.5,1
2024-10-24 00:09:50.958512,TRADE,5841.5,3
2024-10-24 00:09:51.027423,TRADE,5841.5,1
2024-10-24 00:09:53.212437,TRADE,5841.5,1
2024-10-24 00:09:53.212484,TRADE,5841.5,1
2024-10-24 00:09:55.210238,TRADE,5841.5,1
2024-10-24 00:09:55.474853,TRADE,5841.5,1
2024-10-24 00:10:00.242561,TRADE,5841.5,1
2024-10-24 00:10:02.309538,TRADE,5841.75,1
2024-10-24 00:10:06.260251,TRADE,5841.5,1
2024-10-24 00:10:07.209965,TRADE,5841.75,4
2024-10-24 00:10:13.341447,TRADE,5841.75,1
2024-10-24 00:10:17.001035,TRADE,5841.5,1
2024-10-24 00:10:17.001242,TRADE,5841.5,2
2024-10-24 00:10:17.001330,TRADE,5841.5,4
2024-10-24 00:10:17.001750,TRADE,5841.5,1
2024-10-24 00:10:17.001968,TRADE,5841.5,2
2024-10-24 00:10:17.107410,TRADE,5841.5,1
2024-10-24 00:10:25.204025,TRADE,5841.5,2
2024-10-24 00:10:25.249094,TRADE,5841.5,4
2024-10-24 00:10:25.269260,TRADE,5841.5,3
2024-10-24 00:10:25.648955,TRADE,5841.5,2
2024-10-24 00:10:25.649122,TRADE,5841.5,1
2024-10-24 00:10:36.757323,TRADE,5841.5,2
2024-10-24 00:10:36.757495,TRADE,5841.5,1
2024-10-24 00:10:36.974996,TRADE,5841.5,1
2024-10-24 00:10:36.975214,TRADE,5841.5,1
2024-10-24 00:10:36.975264,TRADE,5841.5,1
2024-10-24 00:10:38.769720,TRADE,5841.5,1
2024-10-24 00:10:42.665457,TRADE,5841.5,2
2024-10-24 00:10:44.929617,TRADE,5841.5,2
2024-10-24 00:10:44.929658,TRADE,5841.5,2
2024-10-24 00:10:44.929719,TRADE,5841.5,2
2024-10-24 00:10:47.541635,TRADE,5841.5,1
2024-10-24 00:10:47.541787,TRADE,5841.5,1
2024-10-24 00:10:47.541829,TRADE,5841.5,1
2024-10-24 00:10:48.861717,TRADE,5841.25,2
2024-10-24 00:10:50.534244,TRADE,5841.25,11
2024-10-24 00:11:04.636794,TRADE,5841.25,1
2024-10-24 00:11:04.637767,TRADE,5841.25,11
2024-10-24 00:11:04.638229,TRADE,5841.25,1
2024-10-24 00:11:04.638478,TRADE,5841.25,1
2024-10-24 00:11:04.638769,TRADE,5841.25,1
2024-10-24 00:11:04.689148,TRADE,5841.25,1
2024-10-24 00:11:04.689935,TRADE,5841.25,1
2024-10-24 00:11:05.099508,TRADE,5841.25,3
2024-10-24 00:11:05.099508,TRADE,5841.0,17
2024-10-24 00:11:07.883143,TRADE,5841.25,1
2024-10-24 00:11:21.502139,TRADE,5841.25,7
2024-10-24 00:11:21.503229,TRADE,5841.25,1
2024-10-24 00:11:21.503668,TRADE,5841.25,1
2024-10-24 00:11:25.114861,TRADE,5841.5,2
2024-10-24 00:11:55.764948,TRADE,5841.25,2
2024-10-24 00:11:55.765026,TRADE,5841.25,1
2024-10-24 00:11:55.765245,TRADE,5841.25,11
2024-10-24 00:11:55.765961,TRADE,5841.25,2
2024-10-24 00:11:56.249369,TRADE,5841.0,1
2024-10-24 00:11:56.249617,TRADE,5841.0,4
2024-10-24 00:11:56.249666,TRADE,5841.0,1
2024-10-24 00:11:56.250172,TRADE,5841.0,2
2024-10-24 00:11:56.250315,TRADE,5841.0,1
2024-10-24 00:11:56.250561,TRADE,5841.0,1
2024-10-24 00:11:56.336885,TRADE,5841.0,1
2024-10-24 00:12:01.223405,TRADE,5841.0,1
2024-10-24 00:12:10.167091,TRADE,5841.25,1
2024-10-24 00:12:13.193140,TRADE,5841.25,8
2024-10-24 00:12:13.193275,TRADE,5841.25,1
2024-10-24 00:12:13.193332,TRADE,5841.25,2
2024-10-24 00:12:13.193840,TRADE,5841.25,1
2024-10-24 00:12:13.194024,TRADE,5841.25,1
2024-10-24 00:12:13.194137,TRADE,5841.25,6
2024-10-24 00:12:21.261331,TRADE,5841.25,1
2024-10-24 00:12:22.577539,TRADE,5841.25,6
2024-10-24 00:12:24.469066,TRADE,5841.25,1
2024-10-24 00:12:24.469132,TRADE,5841.25,3
2024-10-24 00:12:24.469183,TRADE,5841.25,2
2024-10-24 00:12:26.365009,TRADE,5841.25,1
2024-10-24 00:12:34.227770,TRADE,5841.5,1
2024-10-24 00:12:34.228293,TRADE,5841.5,3
2024-10-24 00:12:34.245459,TRADE,5841.5,1
2024-10-24 00:12:34.963416,TRADE,5841.5,1
2024-10-24 00:12:34.963444,TRADE,5841.5,1
2024-10-24 00:12:39.275486,TRADE,5841.75,1
2024-10-24 00:12:39.275498,TRADE,5841.75,3
2024-10-24 00:12:39.276070,TRADE,5841.75,4
2024-10-24 00:12:39.276421,TRADE,5841.75,1
2024-10-24 00:12:39.276614,TRADE,5841.75,1
2024-10-24 00:12:39.410179,TRADE,5841.5,1
2024-10-24 00:12:40.382300,TRADE,5841.75,2
2024-10-24 00:12:40.382391,TRADE,5841.75,1
2024-10-24 00:12:40.382391,TRADE,5841.75,2
2024-10-24 00:12:42.601809,TRADE,5841.75,1
2024-10-24 00:12:42.796881,TRADE,5841.75,3
2024-10-24 00:12:44.685719,TRADE,5841.75,1
2024-10-24 00:12:45.667565,TRADE,5841.5,1
2024-10-24 00:12:58.730152,TRADE,5841.5,15
2024-10-24 00:12:58.754379,TRADE,5841.25,2
2024-10-24 00:12:59.275737,TRADE,5841.5,2
2024-10-24 00:13:05.528223,TRADE,5841.75,9
2024-10-24 00:13:05.528755,TRADE,5841.75,1
2024-10-24 00:13:08.356202,TRADE,5841.75,1
2024-10-24 00:13:09.510634,TRADE,5841.75,1
2024-10-24 00:13:09.512454,TRADE,5841.75,1
2024-10-24 00:13:10.767806,TRADE,5841.75,2
2024-10-24 00:13:12.380513,TRADE,5842.0,1
2024-10-24 00:13:12.380528,TRADE,5842.0,2
2024-10-24 00:13:12.380528,TRADE,5842.0,1
2024-10-24 00:13:23.098034,TRADE,5842.0,2
2024-10-24 00:13:23.098133,TRADE,5842.0,1
2024-10-24 00:13:23.098381,TRADE,5842.0,12
2024-10-24 00:13:23.099395,TRADE,5842.0,1
2024-10-24 00:13:27.219780,TRADE,5842.0,1
2024-10-24 00:13:30.797133,TRADE,5842.0,1
2024-10-24 00:13:30.797456,TRADE,5842.0,1
2024-10-24 00:13:30.797634,TRADE,5842.0,1
2024-10-24 00:13:34.264977,TRADE,5842.0,1
2024-10-24 00:13:41.157355,TRADE,5842.0,1
2024-10-24 00:13:43.465616,TRADE,5842.0,1
2024-10-24 00:13:58.265166,TRADE,5842.0,1
2024-10-24 00:13:58.265620,TRADE,5842.0,3
2024-10-24 00:13:59.322469,TRADE,5841.75,1
2024-10-24 00:14:00.757245,TRADE,5842.0,1
2024-10-24 00:14:11.119531,TRADE,5842.0,2
2024-10-24 00:14:11.120325,TRADE,5842.0,1
2024-10-24 00:14:17.694345,TRADE,5841.75,3
2024-10-24 00:14:17.695952,TRADE,5841.75,17
2024-10-24 00:14:17.696615,TRADE,5841.75,1
2024-10-24 00:14:21.881560,TRADE,5841.75,10
2024-10-24 00:14:21.885164,TRADE,5841.75,2
2024-10-24 00:14:21.885418,TRADE,5841.75,6
2024-10-24 00:14:22.281890,TRADE,5841.75,1
2024-10-24 00:14:23.757688,TRADE,5841.75,1
2024-10-24 00:14:23.757728,TRADE,5841.75,1
2024-10-24 00:14:30.591251,TRADE,5842.0,5
2024-10-24 00:14:32.109203,TRADE,5842.0,2
2024-10-24 00:14:32.109274,TRADE,5842.0,1
2024-10-24 00:14:32.109274,TRADE,5842.0,1
2024-10-24 00:14:32.702495,TRADE,5842.0,2
2024-10-24 00:14:39.312949,TRADE,5842.0,1
2024-10-24 00:14:39.313121,TRADE,5842.0,2
2024-10-24 00:14:39.313492,TRADE,5842.0,1
2024-10-24 00:14:46.875326,TRADE,5842.0,1
2024-10-24 00:14:48.678259,TRADE,5842.0,1
2024-10-24 00:15:00.164975,TRADE,5842.0,2
2024-10-24 00:15:00.165177,TRADE,5842.0,1
2024-10-24 00:15:01.025106,TRADE,5842.0,2
2024-10-24 00:15:01.113012,TRADE,5842.0,4
2024-10-24 00:15:01.113114,TRADE,5842.0,2
2024-10-24 00:15:01.113260,TRADE,5842.0,1
2024-10-24 00:15:01.113392,TRADE,5842.0,2
2024-10-24 00:15:01.113473,TRADE,5842.0,2
2024-10-24 00:15:01.113627,TRADE,5842.0,4
2024-10-24 00:15:01.113864,TRADE,5842.0,1
2024-10-24 00:15:01.114034,TRADE,5842.0,2
2024-10-24 00:15:01.114327,TRADE,5842.0,1
2024-10-24 00:15:01.122833,TRADE,5842.0,1
2024-10-24 00:15:01.123882,TRADE,5842.0,2
2024-10-24 00:15:01.134682,TRADE,5842.0,2
2024-10-24 00:15:01.695448,TRADE,5841.75,14
2024-10-24 00:15:03.124741,TRADE,5841.75,3
2024-10-24 00:15:03.125192,TRADE,5841.75,1
2024-10-24 00:15:03.125240,TRADE,5841.75,1
2024-10-24 00:15:03.964820,TRADE,5841.75,1
2024-10-24 00:15:05.833154,TRADE,5841.75,1
2024-10-24 00:15:09.225382,TRADE,5841.75,2
2024-10-24 00:15:09.225585,TRADE,5841.75,1
2024-10-24 00:15:09.226192,TRADE,5841.75,1
2024-10-24 00:15:09.226386,TRADE,5841.75,1
2024-10-24 00:15:14.042320,TRADE,5841.75,1
2024-10-24 00:15:14.042378,TRADE,5841.75,3
2024-10-24 00:15:14.042544,TRADE,5841.75,1
2024-10-24 00:15:15.763139,TRADE,5842.0,5
2024-10-24 00:15:15.763449,TRADE,5842.0,9
2024-10-24 00:15:15.763865,TRADE,5842.0,1
2024-10-24 00:15:15.763905,TRADE,5842.0,1
2024-10-24 00:15:15.764742,TRADE,5842.25,3
2024-10-24 00:15:16.453226,TRADE,5842.0,1
2024-10-24 00:15:16.453453,TRADE,5842.0,3
2024-10-24 00:15:16.453828,TRADE,5842.0,1
2024-10-24 00:15:16.661002,TRADE,5842.0,2
2024-10-24 00:15:25.004713,TRADE,5842.0,7
2024-10-24 00:15:29.634695,TRADE,5841.75,1
2024-10-24 00:15:29.634905,TRADE,5841.75,2
2024-10-24 00:15:29.635023,TRADE,5841.75,8
2024-10-24 00:15:29.635077,TRADE,5841.75,1
2024-10-24 00:15:29.640728,TRADE,5841.75,1
2024-10-24 00:15:47.000133,TRADE,5842.0,1
2024-10-24 00:15:53.757115,TRADE,5842.0,1
2024-10-24 00:16:00.048908,TRADE,5841.75,3
2024-10-24 00:16:00.048997,TRADE,5841.75,2
2024-10-24 00:16:00.531701,TRADE,5841.5,14
2024-10-24 00:16:00.532294,TRADE,5841.5,2
2024-10-24 00:16:01.027593,TRADE,5841.5,1
2024-10-24 00:16:01.027696,TRADE,5841.5,4
2024-10-24 00:16:01.027696,TRADE,5841.5,1
2024-10-24 00:16:01.027758,TRADE,5841.5,3
2024-10-24 00:16:02.447613,TRADE,5841.5,2
2024-10-24 00:16:02.447649,TRADE,5841.5,1
2024-10-24 00:16:03.966545,TRADE,5841.25,4
2024-10-24 00:16:06.063514,TRADE,5841.25,1
2024-10-24 00:16:08.960272,TRADE,5841.0,1
2024-10-24 00:16:08.960285,TRADE,5841.0,1
2024-10-24 00:16:08.960435,TRADE,5841.0,1
2024-10-24 00:16:08.960717,TRADE,5841.0,1
2024-10-24 00:16:17.011046,TRADE,5841.0,2
2024-10-24 00:16:17.011083,TRADE,5841.0,2
2024-10-24 00:16:17.012474,TRADE,5841.0,1
2024-10-24 00:16:17.013642,TRADE,5841.0,1
2024-10-24 00:16:17.013706,TRADE,5841.0,3
2024-10-24 00:16:17.019071,TRADE,5841.0,2
2024-10-24 00:16:17.020355,TRADE,5841.0,1
2024-10-24 00:16:17.024548,TRADE,5841.0,1
2024-10-24 00:16:17.363215,TRADE,5840.75,1
2024-10-24 00:16:17.363226,TRADE,5840.75,1
2024-10-24 00:16:18.070734,TRADE,5841.0,5
2024-10-24 00:16:18.176384,TRADE,5841.0,2
2024-10-24 00:16:21.839748,TRADE,5841.25,5
2024-10-24 00:16:21.840168,TRADE,5841.25,1
2024-10-24 00:16:21.840821,TRADE,5841.25,4
2024-10-24 00:16:21.840872,TRADE,5841.25,1
2024-10-24 00:16:21.841059,TRADE,5841.25,1
2024-10-24 00:16:26.143941,TRADE,5841.25,1
2024-10-24 00:16:31.343329,TRADE,5841.25,1
2024-10-24 00:16:31.343499,TRADE,5841.25,1
2024-10-24 00:16:31.343595,TRADE,5841.25,1
2024-10-24 00:16:31.343623,TRADE,5841.25,1
2024-10-24 00:16:31.343655,TRADE,5841.25,1
2024-10-24 00:16:31.343909,TRADE,5841.25,1
2024-10-24 00:16:31.343976,TRADE,5841.25,1
2024-10-24 00:16:31.384971,TRADE,5841.25,2
2024-10-24 00:16:37.520553,TRADE,5841.25,2
2024-10-24 00:16:37.859991,TRADE,5841.25,2
2024-10-24 00:16:44.605391,TRADE,5841.25,1
2024-10-24 00:16:44.606500,TRADE,5841.25,2
2024-10-24 00:16:50.516246,TRADE,5841.25,1
2024-10-24 00:16:50.516634,TRADE,5841.25,3
2024-10-24 00:16:58.398004,TRADE,5841.0,5
2024-10-24 00:16:58.398492,TRADE,5841.0,1
2024-10-24 00:16:58.398564,TRADE,5841.0,1
2024-10-24 00:16:58.398604,TRADE,5841.0,1
2024-10-24 00:16:58.847499,TRADE,5841.25,4
2024-10-24 00:16:59.364196,TRADE,5841.0,8
2024-10-24 00:16:59.364245,TRADE,5841.0,1
2024-10-24 00:16:59.465290,TRADE,5841.0,1
2024-10-24 00:17:00.154151,TRADE,5841.0,1
2024-10-24 00:17:00.778447,TRADE,5841.0,1
2024-10-24 00:17:05.566575,TRADE,5841.0,1
2024-10-24 00:17:05.566607,TRADE,5841.0,1
2024-10-24 00:17:05.566953,TRADE,5841.0,1
2024-10-24 00:17:05.567137,TRADE,5841.0,1
2024-10-24 00:17:09.927295,TRADE,5841.0,2
2024-10-24 00:17:11.068709,TRADE,5841.0,1
2024-10-24 00:17:13.900871,TRADE,5841.0,1
2024-10-24 00:17:17.703681,TRADE,5841.0,3
2024-10-24 00:17:17.703955,TRADE,5841.0,1
2024-10-24 00:17:17.704162,TRADE,5841.0,1
2024-10-24 00:17:32.569353,TRADE,5841.0,2
2024-10-24 00:17:32.944449,TRADE,5841.0,1
2024-10-24 00:17:35.850425,TRADE,5840.75,1
2024-10-24 00:17:35.850644,TRADE,5840.75,1
2024-10-24 00:17:38.374017,TRADE,5840.75,6
2024-10-24 00:17:38.374017,TRADE,5840.5,5
2024-10-24 00:17:38.374029,TRADE,5840.5,1
2024-10-24 00:17:38.374940,TRADE,5840.75,2
2024-10-24 00:17:38.415277,TRADE,5840.5,9
2024-10-24 00:17:43.065081,TRADE,5840.75,1
2024-10-24 00:17:43.065268,TRADE,5840.75,1
2024-10-24 00:17:43.065312,TRADE,5840.75,1
2024-10-24 00:17:43.065507,TRADE,5840.75,1
2024-10-24 00:17:43.065544,TRADE,5840.75,1
2024-10-24 00:17:43.067028,TRADE,5840.75,2
2024-10-24 00:17:45.000834,TRADE,5840.5,1
2024-10-24 00:17:45.798624,TRADE,5840.75,1
2024-10-24 00:17:48.648526,TRADE,5840.5,7
2024-10-24 00:17:48.648565,TRADE,5840.5,1
2024-10-24 00:17:48.648934,TRADE,5840.5,1
2024-10-24 00:17:48.649051,TRADE,5840.5,1
2024-10-24 00:17:48.649051,TRADE,5840.5,1
2024-10-24 00:17:48.649116,TRADE,5840.5,1
2024-10-24 00:17:48.649251,TRADE,5840.5,2
2024-10-24 00:17:48.649294,TRADE,5840.5,1
2024-10-24 00:17:48.728837,TRADE,5840.75,11
2024-10-24 00:17:50.336562,TRADE,5840.5,5
2024-10-24 00:17:50.959844,TRADE,5840.75,1
2024-10-24 00:17:52.509016,TRADE,5840.75,3
2024-10-24 00:17:52.509196,TRADE,5840.75,2
2024-10-24 00:17:52.509378,TRADE,5840.75,1
2024-10-24 00:17:52.509771,TRADE,5840.75,1
2024-10-24 00:17:59.341934,TRADE,5840.5,1
2024-10-24 00:18:01.764632,TRADE,5840.5,7
2024-10-24 00:18:01.765303,TRADE,5840.5,1
2024-10-24 00:18:02.411918,TRADE,5840.25,1
2024-10-24 00:18:02.412005,TRADE,5840.25,1
2024-10-24 00:18:02.412005,TRADE,5840.25,1
2024-10-24 00:18:02.412243,TRADE,5840.25,1
2024-10-24 00:18:03.374338,TRADE,5840.25,1
2024-10-24 00:18:03.950735,TRADE,5840.25,1
2024-10-24 00:18:07.133787,TRADE,5840.25,1
2024-10-24 00:18:07.289634,TRADE,5840.25,1
2024-10-24 00:18:07.289865,TRADE,5840.25,1
2024-10-24 00:18:09.927617,TRADE,5840.25,1
2024-10-24 00:18:10.176381,TRADE,5840.25,2
2024-10-24 00:18:10.496205,TRADE,5840.0,2
2024-10-24 00:18:10.496220,TRADE,5840.0,4
2024-10-24 00:18:10.496314,TRADE,5840.0,1
2024-10-24 00:18:11.765135,TRADE,5840.0,1
2024-10-24 00:18:12.215771,TRADE,5840.0,1
2024-10-24 00:18:12.758599,TRADE,5840.0,3
2024-10-24 00:18:17.371307,TRADE,5840.0,1
2024-10-24 00:18:17.371398,TRADE,5839.75,1
2024-10-24 00:18:17.371398,TRADE,5839.75,2
2024-10-24 00:18:17.371484,TRADE,5839.75,2
2024-10-24 00:18:17.371484,TRADE,5839.75,1
2024-10-24 00:18:17.372030,TRADE,5839.75,1
2024-10-24 00:18:17.372077,TRADE,5839.75,1
2024-10-24 00:18:17.372112,TRADE,5839.75,1
2024-10-24 00:18:17.412291,TRADE,5839.75,1
2024-10-24 00:18:17.888643,TRADE,5839.75,1
2024-10-24 00:18:18.023642,TRADE,5840.0,1
2024-10-24 00:18:21.649084,TRADE,5839.75,1
2024-10-24 00:18:28.447111,TRADE,5839.5,1
2024-10-24 00:18:28.447303,TRADE,5839.5,1
2024-10-24 00:18:28.447337,TRADE,5839.5,1
2024-10-24 00:18:36.447580,TRADE,5839.75,1
2024-10-24 00:18:37.331915,TRADE,5839.75,3
2024-10-24 00:18:37.332371,TRADE,5839.75,1
2024-10-24 00:18:37.332609,TRADE,5839.75,1
2024-10-24 00:18:37.332780,TRADE,5839.75,1
2024-10-24 00:18:39.236781,TRADE,5840.0,1
2024-10-24 00:18:39.236819,TRADE,5840.0,1
2024-10-24 00:18:40.149301,TRADE,5840.0,2
2024-10-24 00:18:40.149573,TRADE,5840.0,5
2024-10-24 00:18:40.149968,TRADE,5840.0,1
2024-10-24 00:18:40.537345,TRADE,5840.0,2
2024-10-24 00:18:40.538150,TRADE,5840.0,2
2024-10-24 00:18:42.202057,TRADE,5840.0,2
2024-10-24 00:18:45.000830,TRADE,5839.75,1
2024-10-24 00:19:01.050108,TRADE,5839.75,2
2024-10-24 00:19:06.083599,TRADE,5839.75,2
2024-10-24 00:19:06.083618,TRADE,5839.75,1
2024-10-24 00:19:06.084019,TRADE,5839.75,2
2024-10-24 00:19:06.085635,TRADE,5839.75,1
2024-10-24 00:19:06.111627,TRADE,5839.75,1
2024-10-24 00:19:07.718371,TRADE,5839.75,1
2024-10-24 00:19:11.472503,TRADE,5839.75,2
2024-10-24 00:19:11.473390,TRADE,5839.75,2
2024-10-24 00:19:11.473577,TRADE,5839.75,1
2024-10-24 00:19:13.612471,TRADE,5839.75,1
2024-10-24 00:19:20.767084,TRADE,5840.0,6
2024-10-24 00:19:27.262392,TRADE,5840.25,2
2024-10-24 00:19:27.262492,TRADE,5840.25,3
2024-10-24 00:19:28.225008,TRADE,5840.5,7
2024-10-24 00:19:28.225057,TRADE,5840.5,3
2024-10-24 00:19:32.525955,TRADE,5840.75,8
2024-10-24 00:19:32.525969,TRADE,5841.0,5
2024-10-24 00:19:32.594736,TRADE,5841.0,6
2024-10-24 00:19:32.595224,TRADE,5841.0,1
2024-10-24 00:19:32.595300,TRADE,5841.0,1
2024-10-24 00:19:32.595440,TRADE,5841.0,2
2024-10-24 00:19:32.595440,TRADE,5841.0,1
2024-10-24 00:19:32.595440,TRADE,5841.0,1
2024-10-24 00:19:32.596140,TRADE,5841.0,1
2024-10-24 00:19:34.008159,TRADE,5841.0,2
2024-10-24 00:19:36.653036,TRADE,5841.0,1
2024-10-24 00:19:36.653198,TRADE,5841.0,3
2024-10-24 00:19:38.471734,TRADE,5841.25,1
2024-10-24 00:19:38.471746,TRADE,5841.25,1
2024-10-24 00:19:38.472077,TRADE,5841.25,1
2024-10-24 00:19:39.184019,TRADE,5841.25,2
2024-10-24 00:19:40.286815,TRADE,5841.0,1
2024-10-24 00:19:43.801280,TRADE,5841.25,2
2024-10-24 00:19:43.801599,TRADE,5841.25,1
2024-10-24 00:19:44.791758,TRADE,5841.0,1
2024-10-24 00:19:48.294357,TRADE,5841.25,2
2024-10-24 00:19:49.982545,TRADE,5841.25,1
2024-10-24 00:19:49.982734,TRADE,5841.25,1
2024-10-24 00:19:49.982799,TRADE,5841.25,2
2024-10-24 00:19:49.984412,TRADE,5841.25,1
2024-10-24 00:19:52.648466,TRADE,5841.25,2
2024-10-24 00:19:55.482512,TRADE,5841.25,2
2024-10-24 00:19:55.482703,TRADE,5841.25,1
2024-10-24 00:19:55.482745,TRADE,5841.25,2
2024-10-24 00:19:55.482782,TRADE,5841.25,1
2024-10-24 00:20:01.744206,TRADE,5841.5,14
2024-10-24 00:20:01.850464,TRADE,5841.75,2
2024-10-24 00:20:01.850477,TRADE,5841.75,3
2024-10-24 00:20:03.228532,TRADE,5841.75,1
2024-10-24 00:20:04.352201,TRADE,5841.5,1
2024-10-24 00:20:04.352241,TRADE,5841.5,1
2024-10-24 00:20:04.352271,TRADE,5841.5,1
2024-10-24 00:20:09.535048,TRADE,5841.5,5
2024-10-24 00:20:12.493111,TRADE,5841.5,1
2024-10-24 00:20:12.493149,TRADE,5841.5,1
2024-10-24 00:20:12.493200,TRADE,5841.5,2
2024-10-24 00:20:12.493287,TRADE,5841.5,1
2024-10-24 00:20:17.725309,TRADE,5841.5,1
2024-10-24 00:20:27.058084,TRADE,5841.75,8
2024-10-24 00:20:27.061179,TRADE,5842.0,3
2024-10-24 00:20:27.061191,TRADE,5842.0,1
2024-10-24 00:20:27.061191,TRADE,5842.25,1
2024-10-24 00:20:30.247826,TRADE,5842.0,3
2024-10-24 00:20:30.247916,TRADE,5842.0,4
2024-10-24 00:20:33.524327,TRADE,5842.0,2
2024-10-24 00:20:34.305837,TRADE,5842.0,1
2024-10-24 00:20:42.285593,TRADE,5842.25,1
2024-10-24 00:20:46.307621,TRADE,5842.0,6
2024-10-24 00:20:46.812619,TRADE,5842.0,3
2024-10-24 00:20:46.812671,TRADE,5842.0,2
2024-10-24 00:20:46.812731,TRADE,5842.0,2
2024-10-24 00:20:46.813048,TRADE,5842.0,1
2024-10-24 00:20:46.899778,TRADE,5842.0,3
2024-10-24 00:20:48.264105,TRADE,5842.0,1
2024-10-24 00:20:48.264369,TRADE,5842.0,1
2024-10-24 00:20:49.526031,TRADE,5842.0,1
2024-10-24 00:20:49.902128,TRADE,5842.25,13
2024-10-24 00:20:49.903823,TRADE,5842.25,1
2024-10-24 00:20:51.826376,TRADE,5842.25,1
2024-10-24 00:20:53.216280,TRADE,5842.5,1
2024-10-24 00:20:54.071605,TRADE,5842.5,9
2024-10-24 00:20:54.155395,TRADE,5842.5,2
2024-10-24 00:21:00.837368,TRADE,5842.5,15
2024-10-24 00:21:00.837874,TRADE,5842.5,2
2024-10-24 00:21:07.430277,TRADE,5842.25,1
2024-10-24 00:21:07.430289,TRADE,5842.25,1
2024-10-24 00:21:08.774995,TRADE,5842.5,2
2024-10-24 00:21:17.990130,TRADE,5842.25,1
2024-10-24 00:21:19.642520,TRADE,5842.5,1
2024-10-24 00:21:20.073270,TRADE,5842.5,2
2024-10-24 00:21:20.074420,TRADE,5842.5,1
2024-10-24 00:21:20.074592,TRADE,5842.5,3
2024-10-24 00:21:20.074592,TRADE,5842.5,1
2024-10-24 00:21:20.074592,TRADE,5842.5,2
2024-10-24 00:21:20.876423,TRADE,5842.5,2
2024-10-24 00:21:20.876454,TRADE,5842.5,2
2024-10-24 00:21:20.876799,TRADE,5842.5,1
2024-10-24 00:21:20.876844,TRADE,5842.5,2
2024-10-24 00:21:29.481083,TRADE,5842.5,2
2024-10-24 00:21:30.271051,TRADE,5842.5,1
2024-10-24 00:21:31.306118,TRADE,5842.25,2
2024-10-24 00:21:31.306366,TRADE,5842.25,2
2024-10-24 00:21:35.199955,TRADE,5842.0,2
2024-10-24 00:21:35.200012,TRADE,5842.0,1
2024-10-24 00:21:35.200012,TRADE,5842.0,2
2024-10-24 00:21:39.517096,TRADE,5842.0,1
2024-10-24 00:21:40.675872,TRADE,5841.75,1
2024-10-24 00:21:44.639516,TRADE,5842.0,1
2024-10-24 00:21:47.914878,TRADE,5842.0,1
2024-10-24 00:21:59.664286,TRADE,5842.25,3
2024-10-24 00:22:01.071569,TRADE,5842.25,1
2024-10-24 00:22:03.071879,TRADE,5842.5,1
2024-10-24 00:22:03.071891,TRADE,5842.5,1
2024-10-24 00:22:03.991812,TRADE,5842.5,1
2024-10-24 00:22:03.992035,TRADE,5842.5,1
2024-10-24 00:22:06.395426,TRADE,5842.5,1
2024-10-24 00:22:07.333943,TRADE,5842.25,1
2024-10-24 00:22:09.939303,TRADE,5842.5,1
2024-10-24 00:22:11.088551,TRADE,5842.5,3
2024-10-24 00:22:11.569172,TRADE,5842.5,1
2024-10-24 00:22:13.296199,TRADE,5842.75,2
2024-10-24 00:22:13.296308,TRADE,5842.75,2
2024-10-24 00:22:13.296308,TRADE,5842.75,1
2024-10-24 00:22:13.296462,TRADE,5842.75,2
2024-10-24 00:22:13.468006,TRADE,5842.75,1
2024-10-24 00:22:17.733468,TRADE,5842.75,1
2024-10-24 00:22:19.740383,TRADE,5842.75,1
2024-10-24 00:22:19.740573,TRADE,5842.75,2
2024-10-24 00:22:21.211718,TRADE,5843.0,1
2024-10-24 00:22:21.211731,TRADE,5843.0,1
2024-10-24 00:22:24.558743,TRADE,5842.75,1
2024-10-24 00:22:27.993734,TRADE,5843.0,1
2024-10-24 00:22:30.659666,TRADE,5843.0,4
2024-10-24 00:22:33.552771,TRADE,5842.75,2
2024-10-24 00:22:33.552988,TRADE,5842.75,1
2024-10-24 00:22:33.553305,TRADE,5842.75,1
2024-10-24 00:22:41.526263,TRADE,5842.75,1
2024-10-24 00:22:51.013300,TRADE,5842.5,1
2024-10-24 00:22:51.013492,TRADE,5842.5,1
2024-10-24 00:22:53.168287,TRADE,5842.5,1
2024-10-24 00:22:53.189293,TRADE,5842.5,2
2024-10-24 00:22:53.189437,TRADE,5842.5,1
2024-10-24 00:22:55.230863,TRADE,5842.5,1
2024-10-24 00:23:12.755807,TRADE,5842.75,2
2024-10-24 00:23:12.755906,TRADE,5842.75,6
2024-10-24 00:23:12.756412,TRADE,5842.75,3
2024-10-24 00:23:12.771168,TRADE,5842.75,2
2024-10-24 00:23:12.771399,TRADE,5842.75,3
2024-10-24 00:23:15.154598,TRADE,5842.75,2
2024-10-24 00:23:19.861786,TRADE,5842.5,2
2024-10-24 00:23:31.316063,TRADE,5842.75,1
2024-10-24 00:23:31.457411,TRADE,5842.75,2
2024-10-24 00:23:35.521102,TRADE,5843.0,1
2024-10-24 00:23:36.081204,TRADE,5843.0,1
2024-10-24 00:23:37.264113,TRADE,5843.0,1
2024-10-24 00:23:37.264745,TRADE,5843.0,1
2024-10-24 00:23:37.264792,TRADE,5843.0,2
2024-10-24 00:23:37.265013,TRADE,5843.0,3
2024-10-24 00:23:37.265519,TRADE,5843.0,2
2024-10-24 00:23:40.038212,TRADE,5843.0,1
2024-10-24 00:24:00.100779,TRADE,5842.75,1
2024-10-24 00:24:01.326620,TRADE,5842.75,2
2024-10-24 00:24:01.327196,TRADE,5842.75,1
2024-10-24 00:24:01.327483,TRADE,5842.75,1
2024-10-24 00:24:06.081705,TRADE,5842.75,1
2024-10-24 00:24:06.257595,TRADE,5842.75,1
2024-10-24 00:24:25.188798,TRADE,5842.75,1
2024-10-24 00:24:28.295510,TRADE,5843.0,1
2024-10-24 00:24:34.498987,TRADE,5843.0,2
2024-10-24 00:24:34.499090,TRADE,5843.0,2
2024-10-24 00:24:34.499090,TRADE,5843.0,2
2024-10-24 00:24:34.499196,TRADE,5843.0,1
2024-10-24 00:24:34.500059,TRADE,5843.0,1
2024-10-24 00:24:34.500334,TRADE,5843.0,1
2024-10-24 00:24:34.500536,TRADE,5843.0,1
2024-10-24 00:24:41.998464,TRADE,5843.25,1
2024-10-24 00:24:49.814530,TRADE,5843.25,1
2024-10-24 00:24:53.650055,TRADE,5843.25,1
2024-10-24 00:24:55.690870,TRADE,5843.0,1
2024-10-24 00:24:55.691551,TRADE,5843.0,1
2024-10-24 00:24:55.691591,TRADE,5843.0,1
2024-10-24 00:24:55.693309,TRADE,5843.0,2
2024-10-24 00:24:57.035303,TRADE,5843.0,3
2024-10-24 00:24:57.035521,TRADE,5843.0,2
2024-10-24 00:24:57.035571,TRADE,5843.0,1
2024-10-24 00:25:05.175249,TRADE,5843.25,1
2024-10-24 00:25:07.796224,TRADE,5843.0,3
2024-10-24 00:25:17.358624,TRADE,5843.0,2
2024-10-24 00:25:30.542817,TRADE,5843.0,1
2024-10-24 00:25:40.982943,TRADE,5843.0,1
2024-10-24 00:25:53.485953,TRADE,5843.0,1
2024-10-24 00:25:57.186264,TRADE,5843.0,1
2024-10-24 00:26:00.305042,TRADE,5843.0,1
2024-10-24 00:26:09.790386,TRADE,5843.25,4
2024-10-24 00:26:09.790452,TRADE,5843.25,2
2024-10-24 00:26:09.790452,TRADE,5843.25,2
2024-10-24 00:26:13.163102,TRADE,5843.5,27
2024-10-24 00:26:13.172145,TRADE,5843.5,1
2024-10-24 00:26:13.173454,TRADE,5843.5,1
2024-10-24 00:26:15.209273,TRADE,5843.5,1
2024-10-24 00:26:18.150214,TRADE,5843.5,2
2024-10-24 00:26:18.150336,TRADE,5843.5,4
2024-10-24 00:26:18.150563,TRADE,5843.5,1
2024-10-24 00:26:18.150611,TRADE,5843.5,1
2024-10-24 00:26:19.367445,TRADE,5843.5,1
2024-10-24 00:26:19.367693,TRADE,5843.5,2
2024-10-24 00:26:22.178642,TRADE,5843.5,2
2024-10-24 00:26:26.060226,TRADE,5843.5,2
2024-10-24 00:26:26.060282,TRADE,5843.5,2
2024-10-24 00:26:26.060923,TRADE,5843.5,1
2024-10-24 00:26:26.061440,TRADE,5843.5,2
2024-10-24 00:26:26.061793,TRADE,5843.5,2
2024-10-24 00:26:37.014023,TRADE,5843.5,1
2024-10-24 00:26:41.642338,TRADE,5843.5,1
2024-10-24 00:26:46.358725,TRADE,5843.5,10
2024-10-24 00:26:46.358725,TRADE,5843.75,2
2024-10-24 00:26:46.358744,TRADE,5843.75,5
2024-10-24 00:26:46.358744,TRADE,5843.75,5
2024-10-24 00:26:46.359401,TRADE,5843.5,1
2024-10-24 00:26:52.369370,TRADE,5843.5,1
2024-10-24 00:26:52.369579,TRADE,5843.5,1
2024-10-24 00:26:52.369617,TRADE,5843.5,1
2024-10-24 00:26:53.955585,TRADE,5843.5,2
2024-10-24 00:26:53.955620,TRADE,5843.5,1
2024-10-24 00:26:54.252078,TRADE,5843.5,2
2024-10-24 00:26:55.788183,TRADE,5843.5,2
2024-10-24 00:26:56.129590,TRADE,5843.5,1
2024-10-24 00:27:01.917837,TRADE,5843.5,1
2024-10-24 00:27:01.920923,TRADE,5843.5,1
2024-10-24 00:27:01.921117,TRADE,5843.5,1
2024-10-24 00:27:05.653236,TRADE,5843.5,1
2024-10-24 00:27:05.653473,TRADE,5843.5,1
2024-10-24 00:27:05.653515,TRADE,5843.5,1
2024-10-24 00:27:08.764986,TRADE,5843.75,1
2024-10-24 00:27:10.229531,TRADE,5843.75,1
2024-10-24 00:27:10.229819,TRADE,5843.5,1
2024-10-24 00:27:14.785236,TRADE,5843.5,1
2024-10-24 00:27:18.123537,TRADE,5843.75,2
2024-10-24 00:27:21.253470,TRADE,5843.75,1
2024-10-24 00:27:26.993720,TRADE,5843.75,2
2024-10-24 00:27:26.994377,TRADE,5843.75,2
2024-10-24 00:27:26.994410,TRADE,5843.75,2
2024-10-24 00:27:26.995133,TRADE,5843.75,1
2024-10-24 00:27:31.308203,TRADE,5843.5,1
2024-10-24 00:27:31.875079,TRADE,5843.5,2
2024-10-24 00:27:34.565216,TRADE,5843.5,2
2024-10-24 00:27:36.880188,TRADE,5843.75,3
2024-10-24 00:27:42.835031,TRADE,5843.75,1
2024-10-24 00:27:54.999313,TRADE,5843.75,2
2024-10-24 00:28:00.206589,TRADE,5843.75,11
2024-10-24 00:28:00.207257,TRADE,5843.75,6
2024-10-24 00:28:00.207398,TRADE,5843.75,1
2024-10-24 00:28:00.207458,TRADE,5843.75,1
2024-10-24 00:28:00.207512,TRADE,5843.75,2
2024-10-24 00:28:00.207770,TRADE,5843.75,1
2024-10-24 00:28:00.207909,TRADE,5843.75,1
2024-10-24 00:28:00.275088,TRADE,5843.75,1
2024-10-24 00:28:10.476668,TRADE,5843.5,1
2024-10-24 00:28:12.477331,TRADE,5843.75,1
2024-10-24 00:28:16.478820,TRADE,5843.75,1
2024-10-24 00:28:16.937961,TRADE,5843.75,1
2024-10-24 00:28:18.480119,TRADE,5843.5,1
2024-10-24 00:28:22.755208,TRADE,5843.75,8
2024-10-24 00:28:22.756094,TRADE,5843.75,1
2024-10-24 00:28:22.756159,TRADE,5843.75,1
2024-10-24 00:28:23.545246,TRADE,5843.75,9
2024-10-24 00:28:26.028379,TRADE,5843.75,7
2024-10-24 00:28:26.028523,TRADE,5843.75,1
2024-10-24 00:28:36.065224,TRADE,5843.75,2
2024-10-24 00:28:36.801621,TRADE,5843.5,2
2024-10-24 00:28:36.802143,TRADE,5843.5,35
2024-10-24 00:28:37.137406,TRADE,5843.25,1
2024-10-24 00:28:37.137555,TRADE,5843.25,6
2024-10-24 00:28:37.137643,TRADE,5843.25,2
2024-10-24 00:28:37.137643,TRADE,5843.25,2
2024-10-24 00:28:37.138124,TRADE,5843.25,1
2024-10-24 00:28:37.276763,TRADE,5843.0,1
2024-10-24 00:28:37.276776,TRADE,5843.0,1
2024-10-24 00:28:37.276776,TRADE,5843.0,1
2024-10-24 00:28:37.457900,TRADE,5843.25,2
2024-10-24 00:28:37.458062,TRADE,5843.25,1
2024-10-24 00:28:37.458208,TRADE,5843.25,1
2024-10-24 00:28:37.458480,TRADE,5843.25,2
2024-10-24 00:28:37.458674,TRADE,5843.25,1
2024-10-24 00:28:50.612378,TRADE,5843.0,3
2024-10-24 00:28:50.612570,TRADE,5843.0,1
2024-10-24 00:28:50.612804,TRADE,5843.0,1
2024-10-24 00:28:50.612884,TRADE,5843.0,1
2024-10-24 00:28:50.612884,TRADE,5843.0,1
2024-10-24 00:28:54.859498,TRADE,5843.25,1
2024-10-24 00:28:54.859736,TRADE,5843.25,2
2024-10-24 00:28:57.675032,TRADE,5843.25,2
2024-10-24 00:28:58.336497,TRADE,5843.0,1
2024-10-24 00:28:59.249694,TRADE,5843.25,2
2024-10-24 00:28:59.788798,TRADE,5843.25,4
2024-10-24 00:29:00.814366,TRADE,5843.0,10
2024-10-24 00:29:06.945889,TRADE,5843.25,1
2024-10-24 00:29:23.412182,TRADE,5843.25,1
2024-10-24 00:29:34.419673,TRADE,5843.0,2
2024-10-24 00:29:34.419794,TRADE,5843.0,1
2024-10-24 00:29:34.419794,TRADE,5843.0,2
2024-10-24 00:29:34.419860,TRADE,5843.0,1
2024-10-24 00:29:34.419860,TRADE,5843.0,1
2024-10-24 00:29:35.792538,TRADE,5843.0,2
2024-10-24 00:29:35.792743,TRADE,5843.0,1
2024-10-24 00:29:35.940294,TRADE,5843.0,1
2024-10-24 00:29:37.940563,TRADE,5843.0,2
2024-10-24 00:29:40.775198,TRADE,5842.75,1
2024-10-24 00:29:42.959242,TRADE,5843.0,1
2024-10-24 00:29:42.959621,TRADE,5843.0,1
2024-10-24 00:29:43.149085,TRADE,5843.0,1
2024-10-24 00:29:51.478912,TRADE,5843.0,2
2024-10-24 00:29:56.859251,TRADE,5843.0,2
2024-10-24 00:30:00.266058,TRADE,5843.25,1
2024-10-24 00:30:00.471675,TRADE,5843.25,1
2024-10-24 00:30:00.651166,TRADE,5843.25,1
2024-10-24 00:30:05.464282,TRADE,5843.25,1
2024-10-24 00:30:05.464491,TRADE,5843.25,1
2024-10-24 00:30:08.092134,TRADE,5843.25,1
2024-10-24 00:30:08.092156,TRADE,5843.25,1
2024-10-24 00:30:26.952871,TRADE,5843.25,1
2024-10-24 00:30:28.820230,TRADE,5843.0,1
2024-10-24 00:30:30.671405,TRADE,5843.0,10
2024-10-24 00:30:30.671718,TRADE,5843.0,2
2024-10-24 00:30:30.671935,TRADE,5843.0,1
2024-10-24 00:30:30.672000,TRADE,5843.0,1
2024-10-24 00:30:30.694808,TRADE,5843.0,1
2024-10-24 00:30:31.546955,TRADE,5842.75,1
2024-10-24 00:30:32.202915,TRADE,5843.0,1
2024-10-24 00:30:34.401062,TRADE,5842.75,2
2024-10-24 00:30:40.182734,TRADE,5843.0,1
2024-10-24 00:30:40.566981,TRADE,5843.0,5
2024-10-24 00:30:40.567513,TRADE,5843.0,5
2024-10-24 00:30:50.842703,TRADE,5843.0,1
2024-10-24 00:30:56.327874,TRADE,5843.0,1
2024-10-24 00:30:56.328097,TRADE,5843.0,1
2024-10-24 00:30:58.458769,TRADE,5843.0,2
2024-10-24 00:31:07.814363,TRADE,5843.25,2
2024-10-24 00:31:07.814405,TRADE,5843.25,2
2024-10-24 00:31:07.814502,TRADE,5843.25,3
2024-10-24 00:31:07.814502,TRADE,5843.25,1
2024-10-24 00:31:07.814593,TRADE,5843.25,1
2024-10-24 00:31:07.814593,TRADE,5843.25,3
2024-10-24 00:31:10.611267,TRADE,5843.25,9
2024-10-24 00:31:20.256288,TRADE,5843.25,1
2024-10-24 00:31:21.177594,TRADE,5843.25,6
2024-10-24 00:31:21.177975,TRADE,5843.25,1
2024-10-24 00:31:31.737807,TRADE,5843.25,2
2024-10-24 00:31:39.056081,TRADE,5843.25,2
2024-10-24 00:31:40.527237,TRADE,5843.25,1
2024-10-24 00:31:40.528049,TRADE,5843.25,3
2024-10-24 00:31:40.528378,TRADE,5843.25,1
2024-10-24 00:31:50.173304,TRADE,5843.0,5
2024-10-24 00:31:50.173337,TRADE,5843.0,1
2024-10-24 00:31:50.173785,TRADE,5843.0,1
2024-10-24 00:31:50.175121,TRADE,5843.0,1
2024-10-24 00:31:50.175346,TRADE,5843.0,1
2024-10-24 00:31:50.200419,TRADE,5843.25,1
2024-10-24 00:31:50.214461,TRADE,5843.25,1
2024-10-24 00:31:54.512145,TRADE,5843.25,1
2024-10-24 00:32:02.139963,TRADE,5843.25,1
2024-10-24 00:32:17.693116,TRADE,5843.25,2
2024-10-24 00:32:17.693838,TRADE,5843.25,2
2024-10-24 00:32:17.795043,TRADE,5843.5,1
2024-10-24 00:32:17.795055,TRADE,5843.5,2
2024-10-24 00:32:17.795675,TRADE,5843.25,2
2024-10-24 00:32:17.799516,TRADE,5843.5,1
2024-10-24 00:32:20.070752,TRADE,5843.5,1
2024-10-24 00:32:20.820302,TRADE,5843.5,1
2024-10-24 00:32:20.895800,TRADE,5843.5,1
2024-10-24 00:32:24.474567,TRADE,5843.5,1
2024-10-24 00:32:25.084981,TRADE,5843.5,2
2024-10-24 00:32:25.085016,TRADE,5843.5,1
2024-10-24 00:32:25.085096,TRADE,5843.5,6
2024-10-24 00:32:25.085230,TRADE,5843.5,14
2024-10-24 00:32:25.090595,TRADE,5843.5,2
2024-10-24 00:32:25.090703,TRADE,5843.5,2
2024-10-24 00:32:25.090747,TRADE,5843.5,1
2024-10-24 00:32:25.136514,TRADE,5843.5,1
2024-10-24 00:32:28.838126,TRADE,5843.75,5
2024-10-24 00:32:28.838639,TRADE,5844.0,5
2024-10-24 00:32:28.838653,TRADE,5844.0,1
2024-10-24 00:32:28.838653,TRADE,5844.0,1
2024-10-24 00:32:28.839084,TRADE,5844.0,1
2024-10-24 00:32:28.839150,TRADE,5844.0,1
2024-10-24 00:32:30.614204,TRADE,5844.0,2
2024-10-24 00:32:30.614231,TRADE,5844.0,2
2024-10-24 00:32:30.614486,TRADE,5844.0,11
2024-10-24 00:32:31.691328,TRADE,5844.0,1
2024-10-24 00:32:33.609935,TRADE,5844.0,1
2024-10-24 00:32:34.501082,TRADE,5844.25,1
2024-10-24 00:32:34.501092,TRADE,5844.25,3
2024-10-24 00:32:34.501092,TRADE,5844.25,2
2024-10-24 00:32:34.501346,TRADE,5844.25,1
2024-10-24 00:32:34.744041,TRADE,5844.25,1
2024-10-24 00:32:35.040053,TRADE,5844.0,1
2024-10-24 00:32:35.822665,TRADE,5844.25,1
2024-10-24 00:32:37.319234,TRADE,5844.0,8
2024-10-24 00:32:40.541137,TRADE,5844.0,2
2024-10-24 00:32:47.018456,TRADE,5844.25,1
2024-10-24 00:32:59.348244,TRADE,5844.25,4
2024-10-24 00:32:59.348285,TRADE,5844.25,2
2024-10-24 00:32:59.348503,TRADE,5844.25,4
2024-10-24 00:32:59.348602,TRADE,5844.25,1
2024-10-24 00:32:59.389183,TRADE,5844.5,1
2024-10-24 00:32:59.389196,TRADE,5844.5,1
2024-10-24 00:32:59.389196,TRADE,5844.5,2
2024-10-24 00:32:59.389196,TRADE,5844.5,1
2024-10-24 00:33:00.149459,TRADE,5844.5,12
2024-10-24 00:33:00.149702,TRADE,5844.5,1
2024-10-24 00:33:00.149809,TRADE,5844.5,10
2024-10-24 00:33:00.150210,TRADE,5844.5,4
2024-10-24 00:33:00.150249,TRADE,5844.5,1
2024-10-24 00:33:00.150329,TRADE,5844.5,2
2024-10-24 00:33:00.150540,TRADE,5844.5,10
2024-10-24 00:33:01.022738,TRADE,5844.25,1
2024-10-24 00:33:01.022867,TRADE,5844.25,2
2024-10-24 00:33:01.023100,TRADE,5844.25,11
2024-10-24 00:33:01.023184,TRADE,5844.25,1
2024-10-24 00:33:01.023184,TRADE,5844.25,1
2024-10-24 00:33:01.023303,TRADE,5844.25,1
2024-10-24 00:33:01.023784,TRADE,5844.25,1
2024-10-24 00:33:01.023843,TRADE,5844.25,1
2024-10-24 00:33:01.024160,TRADE,5844.25,1
2024-10-24 00:33:03.068032,TRADE,5844.25,1
2024-10-24 00:33:03.068461,TRADE,5844.25,1
2024-10-24 00:33:06.848297,TRADE,5844.25,1
2024-10-24 00:33:21.812777,TRADE,5844.0,1
2024-10-24 00:33:38.550181,TRADE,5844.25,2
2024-10-24 00:33:38.550477,TRADE,5844.25,1
2024-10-24 00:33:38.550640,TRADE,5844.25,1
2024-10-24 00:33:38.550868,TRADE,5844.25,1
2024-10-24 00:33:38.550953,TRADE,5844.25,5
2024-10-24 00:33:43.199503,TRADE,5844.5,2
2024-10-24 00:33:43.199605,TRADE,5844.5,1
2024-10-24 00:33:43.199714,TRADE,5844.5,1
2024-10-24 00:33:43.202369,TRADE,5844.5,3
2024-10-24 00:33:43.202595,TRADE,5844.5,4
2024-10-24 00:33:43.203328,TRADE,5844.5,1
2024-10-24 00:33:44.070488,TRADE,5844.5,4
2024-10-24 00:33:44.461393,TRADE,5844.5,1
2024-10-24 00:33:44.685949,TRADE,5844.25,1
2024-10-24 00:33:48.423234,TRADE,5844.25,4
2024-10-24 00:33:48.423286,TRADE,5844.25,2
2024-10-24 00:33:48.423922,TRADE,5844.25,11
2024-10-24 00:33:48.427755,TRADE,5844.25,1
2024-10-24 00:33:48.427817,TRADE,5844.25,2
2024-10-24 00:33:48.436156,TRADE,5844.25,1
2024-10-24 00:33:49.013791,TRADE,5844.25,2
2024-10-24 00:34:03.516020,TRADE,5844.25,3
2024-10-24 00:34:04.678615,TRADE,5844.25,4
2024-10-24 00:34:04.678777,TRADE,5844.25,1
2024-10-24 00:34:04.678834,TRADE,5844.25,1
2024-10-24 00:34:04.679005,TRADE,5844.25,3
2024-10-24 00:34:05.285725,TRADE,5844.25,1
2024-10-24 00:34:05.285777,TRADE,5844.25,1
2024-10-24 00:34:09.656145,TRADE,5844.25,1
2024-10-24 00:34:13.715445,TRADE,5844.25,1
2024-10-24 00:34:18.640834,TRADE,5844.25,2
2024-10-24 00:34:19.736797,TRADE,5844.25,8
2024-10-24 00:34:24.027083,TRADE,5844.25,1
2024-10-24 00:34:24.027334,TRADE,5844.25,2
2024-10-24 00:34:25.389313,TRADE,5844.25,1
2024-10-24 00:34:28.910536,TRADE,5844.25,2
2024-10-24 00:34:30.180602,TRADE,5844.25,2
2024-10-24 00:34:30.180852,TRADE,5844.25,1
2024-10-24 00:34:30.958895,TRADE,5844.5,2
2024-10-24 00:34:33.385845,TRADE,5844.25,1
2024-10-24 00:34:33.386215,TRADE,5844.25,1
2024-10-24 00:34:33.386593,TRADE,5844.25,1
2024-10-24 00:34:33.386713,TRADE,5844.25,1
2024-10-24 00:34:36.788916,TRADE,5844.25,2
2024-10-24 00:34:37.834094,TRADE,5844.25,1
2024-10-24 00:34:44.888966,TRADE,5844.5,2
2024-10-24 00:34:48.972429,TRADE,5844.5,1
2024-10-24 00:34:51.074323,TRADE,5844.5,1
2024-10-24 00:34:52.867513,TRADE,5844.5,2
2024-10-24 00:34:52.867711,TRADE,5844.5,1
2024-10-24 00:34:52.867768,TRADE,5844.5,2
2024-10-24 00:34:52.867864,TRADE,5844.5,1
2024-10-24 00:34:52.868030,TRADE,5844.5,1
2024-10-24 00:34:52.868164,TRADE,5844.5,1
2024-10-24 00:35:05.849848,TRADE,5844.5,2
2024-10-24 00:35:06.088663,TRADE,5844.5,1
2024-10-24 00:35:15.149960,TRADE,5844.5,1
2024-10-24 00:35:15.326625,TRADE,5844.5,1
2024-10-24 00:35:15.326793,TRADE,5844.5,1
2024-10-24 00:35:18.316012,TRADE,5844.5,1
2024-10-24 00:35:20.258884,TRADE,5844.5,2
2024-10-24 00:35:22.143823,TRADE,5844.5,1
2024-10-24 00:35:24.548225,TRADE,5844.5,1
2024-10-24 00:35:25.157490,TRADE,5844.5,2
2024-10-24 00:35:25.157591,TRADE,5844.5,2
2024-10-24 00:35:25.157809,TRADE,5844.5,1
2024-10-24 00:35:25.490054,TRADE,5844.5,1
2024-10-24 00:35:26.513109,TRADE,5844.5,1
2024-10-24 00:35:27.185061,TRADE,5844.5,1
2024-10-24 00:35:27.587954,TRADE,5844.5,1
2024-10-24 00:35:35.127678,TRADE,5844.5,5
2024-10-24 00:35:40.458723,TRADE,5844.5,3
2024-10-24 00:35:40.608970,TRADE,5844.5,2
2024-10-24 00:35:40.610804,TRADE,5844.5,1
2024-10-24 00:35:41.581481,TRADE,5844.5,2
2024-10-24 00:35:43.835805,TRADE,5844.5,1
2024-10-24 00:35:44.115259,TRADE,5844.5,2
2024-10-24 00:35:44.115308,TRADE,5844.5,2
2024-10-24 00:35:44.115475,TRADE,5844.5,2
2024-10-24 00:35:44.115554,TRADE,5844.5,1
2024-10-24 00:35:44.115554,TRADE,5844.5,1
2024-10-24 00:35:44.115616,TRADE,5844.5,1
2024-10-24 00:35:44.115655,TRADE,5844.5,2
2024-10-24 00:35:49.057711,TRADE,5844.5,1
2024-10-24 00:35:49.057996,TRADE,5844.5,1
2024-10-24 00:35:49.959583,TRADE,5844.5,1
2024-10-24 00:35:49.959744,TRADE,5844.5,1
2024-10-24 00:35:49.959768,TRADE,5844.5,1
2024-10-24 00:35:49.959797,TRADE,5844.5,1
2024-10-24 00:35:49.959981,TRADE,5844.5,1
2024-10-24 00:35:49.960053,TRADE,5844.5,1
2024-10-24 00:35:49.960187,TRADE,5844.5,1
2024-10-24 00:35:49.960331,TRADE,5844.5,1
2024-10-24 00:35:49.960444,TRADE,5844.5,1
2024-10-24 00:35:49.960522,TRADE,5844.5,1
2024-10-24 00:35:54.013483,TRADE,5844.5,10
2024-10-24 00:35:54.013686,TRADE,5844.5,1
2024-10-24 00:35:54.015051,TRADE,5844.5,2
2024-10-24 00:35:57.093737,TRADE,5844.5,2
2024-10-24 00:36:00.595837,TRADE,5844.5,1
2024-10-24 00:36:00.595933,TRADE,5844.5,1
2024-10-24 00:36:00.596058,TRADE,5844.5,1
2024-10-24 00:36:00.596090,TRADE,5844.5,1
2024-10-24 00:36:01.038408,TRADE,5844.5,12
2024-10-24 00:36:02.786077,TRADE,5844.5,1
2024-10-24 00:36:02.786358,TRADE,5844.5,3
2024-10-24 00:36:02.787167,TRADE,5844.75,3
2024-10-24 00:36:02.787183,TRADE,5844.75,1
2024-10-24 00:36:02.787183,TRADE,5844.75,1
2024-10-24 00:36:02.787183,TRADE,5844.75,7
2024-10-24 00:36:02.787183,TRADE,5844.75,3
2024-10-24 00:36:02.787183,TRADE,5844.75,1
2024-10-24 00:36:02.787183,TRADE,5844.75,1
2024-10-24 00:36:02.787190,TRADE,5844.75,2
2024-10-24 00:36:02.787448,TRADE,5844.75,2
2024-10-24 00:36:02.787487,TRADE,5844.75,2
2024-10-24 00:36:02.787645,TRADE,5844.75,1
2024-10-24 00:36:02.787841,TRADE,5844.75,10
2024-10-24 00:36:02.788853,TRADE,5845.0,2
2024-10-24 00:36:02.788868,TRADE,5845.0,2
2024-10-24 00:36:02.788868,TRADE,5845.0,1
2024-10-24 00:36:02.788868,TRADE,5845.0,1
2024-10-24 00:36:02.788868,TRADE,5845.0,1
2024-10-24 00:36:02.788868,TRADE,5845.0,20
2024-10-24 00:36:02.788868,TRADE,5845.25,34
2024-10-24 00:36:02.788868,TRADE,5845.5,6
2024-10-24 00:36:02.788880,TRADE,5845.5,3
2024-10-24 00:36:02.788880,TRADE,5845.5,8
2024-10-24 00:36:02.789486,TRADE,5845.5,1
2024-10-24 00:36:02.790124,TRADE,5845.0,1
2024-10-24 00:36:02.790169,TRADE,5845.0,1
2024-10-24 00:36:02.790643,TRADE,5845.25,1
2024-10-24 00:36:02.791711,TRADE,5845.25,1
2024-10-24 00:36:02.791969,TRADE,5845.25,1
2024-10-24 00:36:02.791969,TRADE,5845.25,1
2024-10-24 00:36:02.792167,TRADE,5845.25,1
2024-10-24 00:36:02.792167,TRADE,5845.25,1
2024-10-24 00:36:02.792350,TRADE,5845.25,2
2024-10-24 00:36:02.792510,TRADE,5845.25,1
2024-10-24 00:36:02.792510,TRADE,5845.25,1
2024-10-24 00:36:02.793125,TRADE,5845.25,1
2024-10-24 00:36:02.793236,TRADE,5845.25,1
2024-10-24 00:36:02.798746,TRADE,5845.5,1
2024-10-24 00:36:02.798922,TRADE,5845.5,1
2024-10-24 00:36:02.799118,TRADE,5845.5,1
2024-10-24 00:36:02.799295,TRADE,5845.5,1
2024-10-24 00:36:02.799450,TRADE,5845.5,1
2024-10-24 00:36:02.799493,TRADE,5845.5,1
2024-10-24 00:36:02.802775,TRADE,5845.75,24
2024-10-24 00:36:02.802789,TRADE,5846.0,1
2024-10-24 00:36:02.802789,TRADE,5846.0,1
2024-10-24 00:36:02.802789,TRADE,5846.0,1
2024-10-24 00:36:02.804135,TRADE,5845.75,2
2024-10-24 00:36:02.807575,TRADE,5846.0,3
2024-10-24 00:36:02.807606,TRADE,5846.0,1
2024-10-24 00:36:02.807765,TRADE,5846.0,2
2024-10-24 00:36:02.807829,TRADE,5846.0,1
2024-10-24 00:36:02.807906,TRADE,5846.0,11
2024-10-24 00:36:02.807969,TRADE,5846.0,5
2024-10-24 00:36:02.811467,TRADE,5846.25,2
2024-10-24 00:36:02.811478,TRADE,5846.25,1
2024-10-24 00:36:02.811478,TRADE,5846.25,1
2024-10-24 00:36:02.811662,TRADE,5846.25,1
2024-10-24 00:36:02.811768,TRADE,5846.25,2
2024-10-24 00:36:02.812463,TRADE,5846.25,1
2024-10-24 00:36:02.823940,TRADE,5846.5,1
2024-10-24 00:36:02.823953,TRADE,5846.5,1
2024-10-24 00:36:02.823953,TRADE,5846.5,2
2024-10-24 00:36:02.824467,TRADE,5846.25,8
2024-10-24 00:36:02.824600,TRADE,5846.25,1
2024-10-24 00:36:02.824649,TRADE,5846.25,2
2024-10-24 00:36:02.824809,TRADE,5846.25,2
2024-10-24 00:36:02.826036,TRADE,5846.25,5
2024-10-24 00:36:02.835362,TRADE,5846.25,11
2024-10-24 00:36:02.835626,TRADE,5846.25,7
2024-10-24 00:36:02.836536,TRADE,5846.25,1
2024-10-24 00:36:02.878859,TRADE,5846.5,1
2024-10-24 00:36:02.879038,TRADE,5846.5,2
2024-10-24 00:36:02.905485,TRADE,5846.5,1
2024-10-24 00:36:02.929352,TRADE,5846.5,1
2024-10-24 00:36:02.937570,TRADE,5846.5,1
2024-10-24 00:36:02.965018,TRADE,5846.5,1
2024-10-24 00:36:03.017860,TRADE,5846.5,2
2024-10-24 00:36:03.018131,TRADE,5846.5,1
2024-10-24 00:36:03.259812,TRADE,5846.75,2
2024-10-24 00:36:03.259846,TRADE,5846.75,1
2024-10-24 00:36:03.259896,TRADE,5846.75,2
2024-10-24 00:36:03.259993,TRADE,5846.75,1
2024-10-24 00:36:03.260049,TRADE,5846.75,1
2024-10-24 00:36:03.283429,TRADE,5846.75,1
2024-10-24 00:36:03.670956,TRADE,5846.5,15
2024-10-24 00:36:03.671632,TRADE,5846.5,1
2024-10-24 00:36:03.677083,TRADE,5846.25,1
2024-10-24 00:36:03.677289,TRADE,5846.25,1
2024-10-24 00:36:03.677417,TRADE,5846.25,5
2024-10-24 00:36:03.849885,TRADE,5846.25,1
2024-10-24 00:36:03.850098,TRADE,5846.25,1
2024-10-24 00:36:03.850193,TRADE,5846.25,5
2024-10-24 00:36:04.101576,TRADE,5846.5,1
2024-10-24 00:36:04.101775,TRADE,5846.5,2
2024-10-24 00:36:04.101829,TRADE,5846.5,1
2024-10-24 00:36:04.101906,TRADE,5846.5,1
2024-10-24 00:36:04.101906,TRADE,5846.5,1
2024-10-24 00:36:04.757920,TRADE,5846.5,2
2024-10-24 00:36:04.758270,TRADE,5846.5,1
2024-10-24 00:36:04.758316,TRADE,5846.5,1
2024-10-24 00:36:04.758373,TRADE,5846.5,1
2024-10-24 00:36:04.758580,TRADE,5846.5,3
2024-10-24 00:36:05.365953,TRADE,5846.5,1
2024-10-24 00:36:05.366712,TRADE,5846.5,1
2024-10-24 00:36:05.783286,TRADE,5846.5,1
2024-10-24 00:36:06.083906,TRADE,5846.5,2
2024-10-24 00:36:06.083942,TRADE,5846.5,1
2024-10-24 00:36:07.658870,TRADE,5846.75,15
2024-10-24 00:36:07.659036,TRADE,5846.75,1
2024-10-24 00:36:07.659069,TRADE,5846.75,1
2024-10-24 00:36:07.659102,TRADE,5846.75,1
2024-10-24 00:36:07.659203,TRADE,5846.75,1
2024-10-24 00:36:07.659323,TRADE,5846.75,1
2024-10-24 00:36:07.659323,TRADE,5846.75,1
2024-10-24 00:36:07.659323,TRADE,5846.75,3
2024-10-24 00:36:07.659404,TRADE,5846.75,2
2024-10-24 00:36:07.659404,TRADE,5846.75,2
2024-10-24 00:36:07.661128,TRADE,5847.0,1
2024-10-24 00:36:07.661146,TRADE,5847.0,1
2024-10-24 00:36:07.661146,TRADE,5847.0,1
2024-10-24 00:36:07.661146,TRADE,5847.0,1
2024-10-24 00:36:07.661146,TRADE,5847.0,1
2024-10-24 00:36:07.661146,TRADE,5847.0,1
2024-10-24 00:36:07.661146,TRADE,5847.0,4
2024-10-24 00:36:07.661153,TRADE,5847.0,2
2024-10-24 00:36:07.661153,TRADE,5847.0,3
2024-10-24 00:36:07.692485,TRADE,5847.0,1
2024-10-24 00:36:08.097397,TRADE,5846.75,1
2024-10-24 00:36:08.097627,TRADE,5846.75,4
2024-10-24 00:36:08.097708,TRADE,5846.75,2
2024-10-24 00:36:08.098127,TRADE,5846.75,1
2024-10-24 00:36:08.098201,TRADE,5846.75,1
2024-10-24 00:36:08.170324,TRADE,5846.75,1
2024-10-24 00:36:08.170509,TRADE,5846.75,1
2024-10-24 00:36:08.955403,TRADE,5846.75,1
2024-10-24 00:36:10.055149,TRADE,5846.5,1
2024-10-24 00:36:10.055320,TRADE,5846.5,2
2024-10-24 00:36:10.055424,TRADE,5846.5,2
2024-10-24 00:36:10.055604,TRADE,5846.5,6
2024-10-24 00:36:10.846484,TRADE,5846.5,1
2024-10-24 00:36:11.905334,TRADE,5846.5,1
2024-10-24 00:36:11.905497,TRADE,5846.5,1
2024-10-24 00:36:11.905537,TRADE,5846.5,1
2024-10-24 00:36:11.905578,TRADE,5846.5,1
2024-10-24 00:36:11.905734,TRADE,5846.5,1
2024-10-24 00:36:11.905868,TRADE,5846.5,2
2024-10-24 00:36:11.906135,TRADE,5846.5,1
2024-10-24 00:36:11.906307,TRADE,5846.5,1
2024-10-24 00:36:11.939976,TRADE,5846.5,2
2024-10-24 00:36:11.940166,TRADE,5846.5,1
2024-10-24 00:36:11.940203,TRADE,5846.5,1
2024-10-24 00:36:13.285693,TRADE,5846.75,8
2024-10-24 00:36:13.287040,TRADE,5847.0,1
2024-10-24 00:36:13.287273,TRADE,5847.0,1
2024-10-24 00:36:13.287301,TRADE,5847.0,1
2024-10-24 00:36:13.287461,TRADE,5847.0,1
2024-10-24 00:36:13.287518,TRADE,5847.0,1
2024-10-24 00:36:13.292352,TRADE,5847.0,1
2024-10-24 00:36:13.292561,TRADE,5847.0,2
2024-10-24 00:36:13.292636,TRADE,5847.0,3
2024-10-24 00:36:13.882885,TRADE,5846.75,1
2024-10-24 00:36:14.166416,TRADE,5847.0,1
2024-10-24 00:36:14.515955,TRADE,5847.25,1
2024-10-24 00:36:14.515967,TRADE,5847.25,1
2024-10-24 00:36:14.515967,TRADE,5847.5,1
2024-10-24 00:36:14.515967,TRADE,5847.5,1
2024-10-24 00:36:14.515967,TRADE,5847.5,1
2024-10-24 00:36:14.516049,TRADE,5847.5,1
2024-10-24 00:36:14.516058,TRADE,5847.5,3
2024-10-24 00:36:14.516065,TRADE,5847.5,4
2024-10-24 00:36:14.516070,TRADE,5847.5,8
2024-10-24 00:36:14.516070,TRADE,5847.75,17
2024-10-24 00:36:14.516076,TRADE,5847.75,1
2024-10-24 00:36:14.516081,TRADE,5847.75,1
2024-10-24 00:36:14.516081,TRADE,5847.75,1
2024-10-24 00:36:14.516471,TRADE,5847.75,20
2024-10-24 00:36:14.516482,TRADE,5847.75,5
2024-10-24 00:36:14.516482,TRADE,5847.75,20
2024-10-24 00:36:14.516866,TRADE,5847.25,1
2024-10-24 00:36:14.516914,TRADE,5847.25,1
2024-10-24 00:36:14.517820,TRADE,5847.5,2
2024-10-24 00:36:14.518394,TRADE,5847.5,1
2024-10-24 00:36:14.518499,TRADE,5847.5,1
2024-10-24 00:36:14.518499,TRADE,5847.5,1
2024-10-24 00:36:14.544365,TRADE,5847.5,1
2024-10-24 00:36:14.560958,TRADE,5847.5,1
2024-10-24 00:36:14.567006,TRADE,5847.5,1
2024-10-24 00:36:14.745288,TRADE,5847.5,9
2024-10-24 00:36:14.745288,TRADE,5847.75,1
2024-10-24 00:36:14.745728,TRADE,5847.5,1
2024-10-24 00:36:14.745771,TRADE,5847.5,1
2024-10-24 00:36:15.104737,TRADE,5847.25,1
2024-10-24 00:36:15.382063,TRADE,5847.5,10
2024-10-24 00:36:15.382281,TRADE,5847.5,1
2024-10-24 00:36:15.382321,TRADE,5847.5,1
2024-10-24 00:36:15.382510,TRADE,5847.5,1
2024-10-24 00:36:16.291783,TRADE,5847.5,1
2024-10-24 00:36:16.603249,TRADE,5847.5,1
2024-10-24 00:36:16.884647,TRADE,5847.25,2
2024-10-24 00:36:17.264435,TRADE,5847.25,8
2024-10-24 00:36:18.533841,TRADE,5847.25,1
2024-10-24 00:36:18.978151,TRADE,5847.25,1
2024-10-24 00:36:19.760779,TRADE,5847.25,5
2024-10-24 00:36:19.761906,TRADE,5847.25,1
2024-10-24 00:36:19.762100,TRADE,5847.25,1
2024-10-24 00:36:19.888394,TRADE,5847.0,3
2024-10-24 00:36:21.827276,TRADE,5847.0,1
2024-10-24 00:36:22.066402,TRADE,5847.25,1
2024-10-24 00:36:22.067101,TRADE,5847.25,2
2024-10-24 00:36:22.067320,TRADE,5847.25,1
2024-10-24 00:36:22.120426,TRADE,5847.25,1
2024-10-24 00:36:22.120712,TRADE,5847.25,1
2024-10-24 00:36:23.831263,TRADE,5847.25,8
2024-10-24 00:36:24.817566,TRADE,5847.25,1
2024-10-24 00:36:25.586107,TRADE,5847.25,1
2024-10-24 00:36:25.586308,TRADE,5847.25,1
2024-10-24 00:36:25.611726,TRADE,5847.25,1
2024-10-24 00:36:28.931120,TRADE,5847.0,8
2024-10-24 00:36:30.086086,TRADE,5847.0,4
2024-10-24 00:36:30.462070,TRADE,5846.75,1
2024-10-24 00:36:30.462295,TRADE,5846.75,1
2024-10-24 00:36:32.406683,TRADE,5846.75,1
2024-10-24 00:36:32.568662,TRADE,5846.75,2
2024-10-24 00:36:32.568905,TRADE,5846.75,5
2024-10-24 00:36:32.769633,TRADE,5846.75,1
2024-10-24 00:36:33.046157,TRADE,5846.5,1
2024-10-24 00:36:33.046168,TRADE,5846.5,1
2024-10-24 00:36:33.048183,TRADE,5846.5,1
2024-10-24 00:36:33.497968,TRADE,5846.75,2
2024-10-24 00:36:33.498016,TRADE,5846.75,1
2024-10-24 00:36:33.498069,TRADE,5846.75,1
2024-10-24 00:36:34.007191,TRADE,5847.0,1
2024-10-24 00:36:34.381732,TRADE,5846.75,2
2024-10-24 00:36:34.760561,TRADE,5846.75,6
2024-10-24 00:36:35.157062,TRADE,5846.75,1
2024-10-24 00:36:35.157125,TRADE,5846.75,2
2024-10-24 00:36:35.157243,TRADE,5846.75,2
2024-10-24 00:36:36.269738,TRADE,5847.0,1
2024-10-24 00:36:37.333949,TRADE,5847.0,1
2024-10-24 00:36:37.333981,TRADE,5847.0,1
2024-10-24 00:36:37.555729,TRADE,5847.0,2
2024-10-24 00:36:38.306380,TRADE,5847.0,1
2024-10-24 00:36:38.306563,TRADE,5847.0,1
2024-10-24 00:36:40.082454,TRADE,5846.75,1
2024-10-24 00:36:40.227604,TRADE,5846.75,1
2024-10-24 00:36:41.583784,TRADE,5847.0,1
2024-10-24 00:36:42.348840,TRADE,5847.0,1
2024-10-24 00:36:42.349245,TRADE,5847.0,1
2024-10-24 00:36:42.349501,TRADE,5847.0,1
2024-10-24 00:36:42.432849,TRADE,5847.0,1
2024-10-24 00:36:45.501899,TRADE,5847.0,1
2024-10-24 00:36:45.502349,TRADE,5847.0,1
2024-10-24 00:36:45.506034,TRADE,5847.0,1
2024-10-24 00:36:46.784328,TRADE,5847.0,1
2024-10-24 00:36:46.894157,TRADE,5847.0,1
2024-10-24 00:36:47.389185,TRADE,5847.25,1
2024-10-24 00:36:48.299881,TRADE,5847.0,9
2024-10-24 00:36:48.300336,TRADE,5847.0,1
2024-10-24 00:36:51.446394,TRADE,5846.75,1
2024-10-24 00:36:51.934587,TRADE,5846.75,3
2024-10-24 00:36:51.934587,TRADE,5846.5,22
2024-10-24 00:36:52.521215,TRADE,5846.75,6
2024-10-24 00:36:52.521522,TRADE,5846.75,1
2024-10-24 00:36:52.521693,TRADE,5846.75,1
2024-10-24 00:36:52.574097,TRADE,5846.5,1
2024-10-24 00:36:53.440883,TRADE,5846.75,1
2024-10-24 00:36:56.127179,TRADE,5846.75,3
2024-10-24 00:36:56.431063,TRADE,5847.0,13
2024-10-24 00:36:56.431063,TRADE,5847.25,12
2024-10-24 00:36:57.937147,TRADE,5847.0,1
2024-10-24 00:36:57.937344,TRADE,5847.0,1
2024-10-24 00:37:00.087447,TRADE,5847.0,1
2024-10-24 00:37:01.380630,TRADE,5847.0,1
2024-10-24 00:37:02.867465,TRADE,5846.75,1
2024-10-24 00:37:02.867539,TRADE,5846.75,2
2024-10-24 00:37:02.867539,TRADE,5846.75,1
2024-10-24 00:37:02.867727,TRADE,5846.75,1
2024-10-24 00:37:03.062366,TRADE,5846.75,2
2024-10-24 00:37:03.062556,TRADE,5846.75,1
2024-10-24 00:37:04.078485,TRADE,5846.75,2
2024-10-24 00:37:08.855745,TRADE,5846.5,1
2024-10-24 00:37:09.759418,TRADE,5846.25,1
2024-10-24 00:37:10.238908,TRADE,5846.25,9
2024-10-24 00:37:10.270537,TRADE,5846.25,1
2024-10-24 00:37:10.270623,TRADE,5846.25,4
2024-10-24 00:37:11.261828,TRADE,5846.5,1
2024-10-24 00:37:11.262267,TRADE,5846.5,1
2024-10-24 00:37:11.262650,TRADE,5846.5,1
2024-10-24 00:37:11.263879,TRADE,5846.5,1
2024-10-24 00:37:11.935474,TRADE,5846.5,2
2024-10-24 00:37:16.877151,TRADE,5846.5,4
2024-10-24 00:37:16.877341,TRADE,5846.5,1
2024-10-24 00:37:16.957235,TRADE,5846.5,1
2024-10-24 00:37:16.957446,TRADE,5846.5,1
2024-10-24 00:37:16.957494,TRADE,5846.5,1
2024-10-24 00:37:16.957578,TRADE,5846.5,1
2024-10-24 00:37:17.902311,TRADE,5846.5,1
2024-10-24 00:37:18.502605,TRADE,5846.5,1
2024-10-24 00:37:18.726939,TRADE,5846.25,1
2024-10-24 00:37:18.760109,TRADE,5846.5,4
2024-10-24 00:37:18.760205,TRADE,5846.5,2
2024-10-24 00:37:18.760244,TRADE,5846.5,2
2024-10-24 00:37:20.153780,TRADE,5846.75,1
2024-10-24 00:37:20.153799,TRADE,5846.75,1
2024-10-24 00:37:20.153799,TRADE,5846.75,1
2024-10-24 00:37:20.157110,TRADE,5846.75,1
2024-10-24 00:37:22.973964,TRADE,5847.0,1
2024-10-24 00:37:25.452019,TRADE,5847.0,1
2024-10-24 00:37:25.566922,TRADE,5846.75,8
2024-10-24 00:37:28.750918,TRADE,5846.75,1
2024-10-24 00:37:30.381000,TRADE,5846.75,1
2024-10-24 00:37:32.717881,TRADE,5846.75,1
2024-10-24 00:37:35.021744,TRADE,5846.5,4
2024-10-24 00:37:35.021744,TRADE,5846.25,6
2024-10-24 00:37:35.334367,TRADE,5846.5,4
2024-10-24 00:37:37.442204,TRADE,5846.75,5
2024-10-24 00:37:39.683569,TRADE,5846.75,1
2024-10-24 00:37:42.117286,TRADE,5847.0,4
2024-10-24 00:37:42.117298,TRADE,5847.0,1
2024-10-24 00:37:42.117938,TRADE,5847.0,1
2024-10-24 00:37:43.512543,TRADE,5846.75,1
2024-10-24 00:37:45.904268,TRADE,5846.75,3
2024-10-24 00:37:46.141674,TRADE,5846.75,1
2024-10-24 00:37:46.808380,TRADE,5846.75,2
2024-10-24 00:37:46.808638,TRADE,5846.75,2
2024-10-24 00:37:46.809074,TRADE,5846.75,1
2024-10-24 00:37:46.809469,TRADE,5846.75,1
2024-10-24 00:37:47.377810,TRADE,5846.75,2
2024-10-24 00:37:47.377873,TRADE,5846.75,2
2024-10-24 00:37:51.510446,TRADE,5847.0,3
2024-10-24 00:37:51.510458,TRADE,5847.0,1
2024-10-24 00:37:53.772009,TRADE,5847.0,5
2024-10-24 00:37:53.772888,TRADE,5847.0,1
2024-10-24 00:37:53.773081,TRADE,5847.0,1
2024-10-24 00:37:53.773120,TRADE,5847.0,1
2024-10-24 00:38:01.355374,TRADE,5847.25,2
2024-10-24 00:38:01.355460,TRADE,5847.25,2
2024-10-24 00:38:01.355460,TRADE,5847.25,1
2024-10-24 00:38:01.355537,TRADE,5847.25,1
2024-10-24 00:38:01.355537,TRADE,5847.25,2
2024-10-24 00:38:02.609652,TRADE,5847.5,1
2024-10-24 00:38:03.850765,TRADE,5847.5,2
2024-10-24 00:38:03.850853,TRADE,5847.5,2
2024-10-24 00:38:03.850853,TRADE,5847.5,2
2024-10-24 00:38:03.928459,TRADE,5847.5,6
2024-10-24 00:38:10.209888,TRADE,5847.25,2
2024-10-24 00:38:10.209990,TRADE,5847.25,3
2024-10-24 00:38:10.328469,TRADE,5847.25,1
2024-10-24 00:38:10.328693,TRADE,5847.25,2
2024-10-24 00:38:11.788572,TRADE,5847.25,3
2024-10-24 00:38:12.547612,TRADE,5847.25,1
2024-10-24 00:38:12.675158,TRADE,5847.25,1
2024-10-24 00:38:14.057261,TRADE,5847.25,1
2024-10-24 00:38:14.057417,TRADE,5847.25,2
2024-10-24 00:38:14.067151,TRADE,5847.25,1
2024-10-24 00:38:14.067330,TRADE,5847.25,1
2024-10-24 00:38:14.962951,TRADE,5847.25,1
2024-10-24 00:38:14.963176,TRADE,5847.25,9
2024-10-24 00:38:14.963983,TRADE,5847.25,1
2024-10-24 00:38:17.130048,TRADE,5847.25,1
2024-10-24 00:38:17.130118,TRADE,5847.25,1
2024-10-24 00:38:17.130118,TRADE,5847.25,1
2024-10-24 00:38:17.131348,TRADE,5847.5,2
2024-10-24 00:38:17.131402,TRADE,5847.5,2
2024-10-24 00:38:17.131503,TRADE,5847.5,1
2024-10-24 00:38:17.131595,TRADE,5847.5,1
2024-10-24 00:38:17.131697,TRADE,5847.5,1
2024-10-24 00:38:17.131776,TRADE,5847.5,2
2024-10-24 00:38:17.131876,TRADE,5847.5,1
2024-10-24 00:38:17.131980,TRADE,5847.5,1
2024-10-24 00:38:17.132074,TRADE,5847.5,1
2024-10-24 00:38:17.133072,TRADE,5847.5,2
2024-10-24 00:38:17.134997,TRADE,5847.5,1
2024-10-24 00:38:17.200862,TRADE,5847.25,6
2024-10-24 00:38:17.203744,TRADE,5847.5,4
2024-10-24 00:38:17.387099,TRADE,5847.5,1
2024-10-24 00:38:17.998943,TRADE,5847.25,2
2024-10-24 00:38:17.999169,TRADE,5847.25,3
2024-10-24 00:38:20.261040,TRADE,5847.25,4
2024-10-24 00:38:24.221654,TRADE,5847.25,2
2024-10-24 00:38:24.221733,TRADE,5847.25,4
2024-10-24 00:38:25.347120,TRADE,5847.25,1
2024-10-24 00:38:25.347293,TRADE,5847.25,2
2024-10-24 00:38:26.799485,TRADE,5847.25,1
2024-10-24 00:38:26.799778,TRADE,5847.25,1
2024-10-24 00:38:31.117317,TRADE,5847.25,8
2024-10-24 00:38:32.641316,TRADE,5847.25,2
2024-10-24 00:38:32.641528,TRADE,5847.25,1
2024-10-24 00:38:32.641583,TRADE,5847.25,4
2024-10-24 00:38:32.684729,TRADE,5847.25,1
2024-10-24 00:38:37.437451,TRADE,5847.5,5
2024-10-24 00:38:38.563399,TRADE,5847.75,40
2024-10-24 00:38:38.563708,TRADE,5847.75,2
2024-10-24 00:38:40.632038,TRADE,5847.5,26
2024-10-24 00:38:41.302127,TRADE,5847.5,1
2024-10-24 00:38:52.372273,TRADE,5847.25,1
2024-10-24 00:38:52.372787,TRADE,5847.25,2
2024-10-24 00:38:52.372895,TRADE,5847.25,5
2024-10-24 00:38:52.372910,TRADE,5847.25,3
2024-10-24 00:38:52.372910,TRADE,5847.25,1
2024-10-24 00:38:52.373024,TRADE,5847.25,3
2024-10-24 00:38:52.373131,TRADE,5847.25,1
2024-10-24 00:38:52.373237,TRADE,5847.25,1
2024-10-24 00:38:52.373237,TRADE,5847.25,9
2024-10-24 00:38:52.373342,TRADE,5847.25,1
2024-10-24 00:38:52.374062,TRADE,5847.25,2
2024-10-24 00:38:54.015732,TRADE,5847.5,1
2024-10-24 00:38:55.487093,TRADE,5847.5,6
2024-10-24 00:38:55.487711,TRADE,5847.5,1
2024-10-24 00:38:55.488404,TRADE,5847.5,1
2024-10-24 00:38:55.491798,TRADE,5847.5,2
2024-10-24 00:38:55.492414,TRADE,5847.5,3
2024-10-24 00:38:55.492738,TRADE,5847.5,1
2024-10-24 00:38:55.493061,TRADE,5847.5,1
2024-10-24 00:38:55.493103,TRADE,5847.5,1
2024-10-24 00:38:55.493321,TRADE,5847.5,1
2024-10-24 00:38:55.493387,TRADE,5847.5,1
2024-10-24 00:38:55.841101,TRADE,5847.5,2
2024-10-24 00:38:55.841425,TRADE,5847.5,1
2024-10-24 00:38:58.110533,TRADE,5847.75,1
2024-10-24 00:39:02.824097,TRADE,5847.75,3
2024-10-24 00:39:08.531305,TRADE,5847.75,2
2024-10-24 00:39:08.531568,TRADE,5847.75,1
2024-10-24 00:39:12.277531,TRADE,5847.5,6
2024-10-24 00:39:12.278091,TRADE,5847.5,1
2024-10-24 00:39:12.278830,TRADE,5847.5,5
2024-10-24 00:39:12.853261,TRADE,5847.5,5
2024-10-24 00:39:14.868565,TRADE,5847.25,14
2024-10-24 00:39:14.868641,TRADE,5847.25,11
2024-10-24 00:39:14.868641,TRADE,5847.25,7
2024-10-24 00:39:14.868664,TRADE,5847.25,14
2024-10-24 00:39:14.868715,TRADE,5847.25,14
2024-10-24 00:39:14.868752,TRADE,5847.25,3
2024-10-24 00:39:14.868809,TRADE,5847.25,1
2024-10-24 00:39:14.868909,TRADE,5847.25,3
2024-10-24 00:39:14.868909,TRADE,5847.25,2
2024-10-24 00:39:14.868939,TRADE,5847.25,5
2024-10-24 00:39:14.868992,TRADE,5847.25,2
2024-10-24 00:39:14.869033,TRADE,5847.25,1
2024-10-24 00:39:14.869127,TRADE,5847.25,14
2024-10-24 00:39:14.869127,TRADE,5847.25,3
2024-10-24 00:39:14.869220,TRADE,5847.25,1
2024-10-24 00:39:14.869220,TRADE,5847.25,1
2024-10-24 00:39:14.869220,TRADE,5847.25,1
2024-10-24 00:39:14.869283,TRADE,5847.25,1
2024-10-24 00:39:14.869283,TRADE,5847.25,1
2024-10-24 00:39:14.869370,TRADE,5847.25,1
2024-10-24 00:39:14.869417,TRADE,5847.25,1
2024-10-24 00:39:14.869691,TRADE,5847.5,22
2024-10-24 00:39:14.869783,TRADE,5847.5,3
2024-10-24 00:39:14.869915,TRADE,5847.5,2
2024-10-24 00:39:14.869915,TRADE,5847.5,1
2024-10-24 00:39:14.869915,TRADE,5847.5,2
2024-10-24 00:39:14.869957,TRADE,5847.5,2
2024-10-24 00:39:14.870074,TRADE,5847.5,1
2024-10-24 00:39:14.870135,TRADE,5847.5,1
2024-10-24 00:39:14.870377,TRADE,5847.5,1
2024-10-24 00:39:14.870453,TRADE,5847.5,1
2024-10-24 00:39:14.870453,TRADE,5847.5,1
2024-10-24 00:39:14.870564,TRADE,5847.5,4
2024-10-24 00:39:14.870564,TRADE,5847.5,1
2024-10-24 00:39:14.870635,TRADE,5847.5,1
2024-10-24 00:39:14.870669,TRADE,5847.5,1
2024-10-24 00:39:14.870990,TRADE,5847.5,1
2024-10-24 00:39:14.871176,TRADE,5847.5,2
2024-10-24 00:39:15.814792,TRADE,5847.5,1
2024-10-24 00:39:15.814989,TRADE,5847.5,1
2024-10-24 00:39:15.815532,TRADE,5847.5,6
2024-10-24 00:39:15.815898,TRADE,5847.5,2
2024-10-24 00:39:15.815957,TRADE,5847.5,2
2024-10-24 00:39:15.816275,TRADE,5847.5,1
2024-10-24 00:39:15.865724,TRADE,5847.5,2
2024-10-24 00:39:15.866988,TRADE,5847.5,1
2024-10-24 00:39:15.867301,TRADE,5847.5,1
2024-10-24 00:39:15.990468,TRADE,5847.5,2
2024-10-24 00:39:15.990809,TRADE,5847.5,1
2024-10-24 00:39:17.480671,TRADE,5847.5,1
2024-10-24 00:39:17.481223,TRADE,5847.5,1
2024-10-24 00:39:19.243872,TRADE,5847.5,4
2024-10-24 00:39:19.244076,TRADE,5847.5,1
2024-10-24 00:39:19.244556,TRADE,5847.5,1
2024-10-24 00:39:20.549625,TRADE,5847.75,4
2024-10-24 00:39:21.903513,TRADE,5847.75,8
2024-10-24 00:39:21.903570,TRADE,5847.75,4
2024-10-24 00:39:21.903570,TRADE,5847.75,1
2024-10-24 00:39:21.903665,TRADE,5847.75,7
2024-10-24 00:39:21.903725,TRADE,5847.75,1
2024-10-24 00:39:21.903772,TRADE,5847.75,1
2024-10-24 00:39:21.903807,TRADE,5847.75,1
2024-10-24 00:39:21.903860,TRADE,5847.75,1
2024-10-24 00:39:21.903953,TRADE,5847.75,2
2024-10-24 00:39:21.903968,TRADE,5847.75,1
2024-10-24 00:39:22.242985,TRADE,5847.75,3
2024-10-24 00:39:22.277489,TRADE,5847.5,1
2024-10-24 00:39:22.587520,TRADE,5847.75,1
2024-10-24 00:39:23.818713,TRADE,5847.75,10
2024-10-24 00:39:24.798610,TRADE,5847.75,1
2024-10-24 00:39:25.570157,TRADE,5847.75,2
2024-10-24 00:39:25.570634,TRADE,5847.75,2
2024-10-24 00:39:26.059736,TRADE,5847.75,5
2024-10-24 00:39:26.059953,TRADE,5847.75,1
2024-10-24 00:39:26.443206,TRADE,5847.75,7
2024-10-24 00:39:26.839854,TRADE,5847.75,6
2024-10-24 00:39:28.515061,TRADE,5847.5,1
2024-10-24 00:39:29.340973,TRADE,5847.5,1
2024-10-24 00:39:29.684796,TRADE,5847.5,1
2024-10-24 00:39:32.449955,TRADE,5847.5,1
2024-10-24 00:39:32.978705,TRADE,5847.75,1
2024-10-24 00:39:34.417222,TRADE,5847.75,3
2024-10-24 00:39:34.468069,TRADE,5847.75,5
2024-10-24 00:39:34.468776,TRADE,5847.75,1
2024-10-24 00:39:34.908129,TRADE,5847.75,2
2024-10-24 00:39:35.901348,TRADE,5847.75,7
2024-10-24 00:39:37.477563,TRADE,5847.75,1
2024-10-24 00:39:39.373907,TRADE,5847.75,19
2024-10-24 00:39:39.374297,TRADE,5847.75,1
2024-10-24 00:39:40.901614,TRADE,5847.75,7
2024-10-24 00:39:40.901811,TRADE,5847.75,4
2024-10-24 00:39:40.901867,TRADE,5847.75,1
2024-10-24 00:39:40.901926,TRADE,5847.75,3
2024-10-24 00:39:40.902028,TRADE,5847.75,1
2024-10-24 00:39:40.902028,TRADE,5847.75,1
2024-10-24 00:39:40.902368,TRADE,5847.75,1
2024-10-24 00:39:41.392407,TRADE,5847.75,2
2024-10-24 00:39:41.392644,TRADE,5847.75,3
2024-10-24 00:39:41.403880,TRADE,5847.75,1
2024-10-24 00:39:41.404064,TRADE,5847.75,1
2024-10-24 00:39:41.404100,TRADE,5847.75,1
2024-10-24 00:39:41.404139,TRADE,5847.75,1
2024-10-24 00:39:41.404306,TRADE,5847.75,1
2024-10-24 00:39:41.404536,TRADE,5847.75,1
2024-10-24 00:39:41.404598,TRADE,5847.75,1
2024-10-24 00:39:41.404652,TRADE,5847.75,1
2024-10-24 00:39:41.404652,TRADE,5847.75,2
2024-10-24 00:39:41.404732,TRADE,5847.75,1
2024-10-24 00:39:41.404732,TRADE,5847.75,1
2024-10-24 00:39:41.404775,TRADE,5847.75,1
2024-10-24 00:39:41.404861,TRADE,5847.75,3
2024-10-24 00:39:41.404934,TRADE,5847.75,1
2024-10-24 00:39:41.405016,TRADE,5847.75,1
2024-10-24 00:39:41.405076,TRADE,5847.75,1
2024-10-24 00:39:41.405229,TRADE,5847.75,1
2024-10-24 00:39:41.405291,TRADE,5847.75,4
2024-10-24 00:39:41.405328,TRADE,5847.75,1
2024-10-24 00:39:41.405354,TRADE,5847.75,2
2024-10-24 00:39:41.405438,TRADE,5847.75,1
2024-10-24 00:39:41.405514,TRADE,5847.75,1
2024-10-24 00:39:41.405554,TRADE,5847.75,1
2024-10-24 00:39:41.405725,TRADE,5847.75,1
2024-10-24 00:39:41.405802,TRADE,5847.75,1
2024-10-24 00:39:41.405938,TRADE,5847.75,1
2024-10-24 00:39:41.406014,TRADE,5847.75,1
2024-10-24 00:39:41.406161,TRADE,5847.75,1
2024-10-24 00:39:41.406223,TRADE,5847.75,1
2024-10-24 00:39:41.406263,TRADE,5847.75,2
2024-10-24 00:39:41.406453,TRADE,5847.75,1
2024-10-24 00:39:41.406493,TRADE,5847.75,1
2024-10-24 00:39:41.408239,TRADE,5847.75,1
2024-10-24 00:39:43.065895,TRADE,5847.5,1
2024-10-24 00:39:43.066101,TRADE,5847.5,3
2024-10-24 00:39:43.066176,TRADE,5847.5,4
2024-10-24 00:39:44.517045,TRADE,5847.5,1
2024-10-24 00:39:44.589152,TRADE,5847.5,3
2024-10-24 00:39:44.589512,TRADE,5847.5,3
2024-10-24 00:39:44.589540,TRADE,5847.5,2
2024-10-24 00:39:44.589688,TRADE,5847.5,1
2024-10-24 00:39:44.589717,TRADE,5847.5,1
2024-10-24 00:39:44.589781,TRADE,5847.5,1
2024-10-24 00:39:44.589825,TRADE,5847.5,1
2024-10-24 00:39:45.082502,TRADE,5847.5,1
2024-10-24 00:39:45.551157,TRADE,5847.75,1
2024-10-24 00:39:52.311346,TRADE,5847.75,1
2024-10-24 00:39:52.311642,TRADE,5847.75,14
2024-10-24 00:39:52.312334,TRADE,5848.0,1
2024-10-24 00:39:52.312349,TRADE,5848.0,1
2024-10-24 00:39:52.312349,TRADE,5848.0,1
2024-10-24 00:39:52.312349,TRADE,5848.0,1
2024-10-24 00:39:52.312349,TRADE,5848.0,1
2024-10-24 00:39:52.312349,TRADE,5848.0,1
2024-10-24 00:39:52.312498,TRADE,5848.0,2
2024-10-24 00:39:52.312626,TRADE,5848.0,1
2024-10-24 00:39:52.312775,TRADE,5848.0,1
2024-10-24 00:39:52.312818,TRADE,5848.0,1
2024-10-24 00:39:52.312888,TRADE,5848.0,3
2024-10-24 00:39:52.312963,TRADE,5848.0,10
2024-10-24 00:39:52.313562,TRADE,5848.25,1
2024-10-24 00:39:52.313574,TRADE,5848.25,1
2024-10-24 00:39:52.313574,TRADE,5848.25,2
2024-10-24 00:39:52.313574,TRADE,5848.25,2
2024-10-24 00:39:52.313853,TRADE,5848.25,2
2024-10-24 00:39:52.313994,TRADE,5848.25,1
2024-10-24 00:39:52.314091,TRADE,5848.25,1
2024-10-24 00:39:52.314091,TRADE,5848.25,1
2024-10-24 00:39:52.314091,TRADE,5848.25,3
2024-10-24 00:39:52.314175,TRADE,5848.25,3
2024-10-24 00:39:52.314175,TRADE,5848.25,1
2024-10-24 00:39:52.314238,TRADE,5848.25,3
2024-10-24 00:39:52.314238,TRADE,5848.25,1
2024-10-24 00:39:52.314291,TRADE,5848.25,5
2024-10-24 00:39:52.314331,TRADE,5848.25,1
2024-10-24 00:39:52.314443,TRADE,5848.25,1
2024-10-24 00:39:52.314443,TRADE,5848.25,1
2024-10-24 00:39:52.314484,TRADE,5848.25,1
2024-10-24 00:39:52.314936,TRADE,5848.25,1
2024-10-24 00:39:52.315049,TRADE,5848.25,1
2024-10-24 00:39:52.315148,TRADE,5848.25,1
2024-10-24 00:39:52.315292,TRADE,5848.25,2
2024-10-24 00:39:52.315292,TRADE,5848.25,2
2024-10-24 00:39:52.315292,TRADE,5848.25,1
2024-10-24 00:39:52.315418,TRADE,5848.25,1
2024-10-24 00:39:52.315418,TRADE,5848.25,1
2024-10-24 00:39:52.319885,TRADE,5848.5,1
2024-10-24 00:39:52.320039,TRADE,5848.5,2
2024-10-24 00:39:52.320228,TRADE,5848.5,1
2024-10-24 00:39:52.320411,TRADE,5848.5,1
2024-10-24 00:39:52.320464,TRADE,5848.5,1
2024-10-24 00:39:52.320577,TRADE,5848.5,1
2024-10-24 00:39:52.320798,TRADE,5848.5,1
2024-10-24 00:39:52.321029,TRADE,5848.5,2
2024-10-24 00:39:52.321080,TRADE,5848.5,1
2024-10-24 00:39:52.321252,TRADE,5848.5,2
2024-10-24 00:39:52.321423,TRADE,5848.5,2
2024-10-24 00:39:52.348061,TRADE,5848.5,1
2024-10-24 00:39:52.348100,TRADE,5848.5,2
2024-10-24 00:39:52.348182,TRADE,5848.5,4
2024-10-24 00:39:52.375052,TRADE,5848.5,1
2024-10-24 00:39:52.375863,TRADE,5848.5,11
2024-10-24 00:39:52.376070,TRADE,5848.5,2
2024-10-24 00:39:52.376309,TRADE,5848.5,4
2024-10-24 00:39:52.376565,TRADE,5848.5,1
2024-10-24 00:39:52.376720,TRADE,5848.5,1
2024-10-24 00:39:52.513617,TRADE,5848.5,12
2024-10-24 00:39:53.356524,TRADE,5848.5,10
2024-10-24 00:39:53.356631,TRADE,5848.5,1
2024-10-24 00:39:53.356672,TRADE,5848.5,1
2024-10-24 00:39:53.356952,TRADE,5848.5,2
2024-10-24 00:39:53.507087,TRADE,5848.5,4
2024-10-24 00:39:53.507468,TRADE,5848.5,1
2024-10-24 00:39:53.507651,TRADE,5848.5,1
2024-10-24 00:39:53.588843,TRADE,5848.25,1
2024-10-24 00:39:54.219928,TRADE,5848.5,1
2024-10-24 00:39:54.220602,TRADE,5848.5,3
2024-10-24 00:39:54.717043,TRADE,5848.5,1
2024-10-24 00:39:55.262427,TRADE,5848.25,1
2024-10-24 00:39:55.820416,TRADE,5848.5,5
2024-10-24 00:39:56.313098,TRADE,5848.25,1
2024-10-24 00:39:56.706169,TRADE,5848.5,2
2024-10-24 00:39:56.706306,TRADE,5848.5,3
2024-10-24 00:39:56.706440,TRADE,5848.5,1
2024-10-24 00:39:56.952062,TRADE,5848.75,3
2024-10-24 00:39:56.952074,TRADE,5848.75,3
2024-10-24 00:39:56.952074,TRADE,5848.75,2
2024-10-24 00:39:56.952074,TRADE,5848.75,1
2024-10-24 00:39:58.476310,TRADE,5848.75,1
2024-10-24 00:39:59.242461,TRADE,5848.75,1
2024-10-24 00:39:59.244981,TRADE,5848.5,2
2024-10-24 00:40:00.568971,TRADE,5848.75,1
2024-10-24 00:40:00.569134,TRADE,5848.75,1
2024-10-24 00:40:00.569741,TRADE,5848.75,7
2024-10-24 00:40:00.569952,TRADE,5848.75,1
2024-10-24 00:40:00.570017,TRADE,5848.75,1
2024-10-24 00:40:00.570061,TRADE,5848.75,1
2024-10-24 00:40:00.570164,TRADE,5848.75,1
2024-10-24 00:40:00.570303,TRADE,5848.75,1
2024-10-24 00:40:00.570383,TRADE,5848.75,1
2024-10-24 00:40:00.797176,TRADE,5848.75,1
2024-10-24 00:40:00.797359,TRADE,5848.75,1
2024-10-24 00:40:00.828593,TRADE,5848.75,2
2024-10-24 00:40:02.688528,TRADE,5848.75,1
2024-10-24 00:40:02.688736,TRADE,5848.75,1
2024-10-24 00:40:02.689198,TRADE,5848.75,1
2024-10-24 00:40:02.981525,TRADE,5849.0,2
2024-10-24 00:40:02.981541,TRADE,5849.0,3
2024-10-24 00:40:02.981541,TRADE,5849.0,2
2024-10-24 00:40:03.003830,TRADE,5849.0,1
2024-10-24 00:40:03.300829,TRADE,5849.0,2
2024-10-24 00:40:03.300909,TRADE,5849.0,3
2024-10-24 00:40:03.300968,TRADE,5849.0,3
2024-10-24 00:40:03.301025,TRADE,5849.0,1
2024-10-24 00:40:04.295776,TRADE,5849.0,1
2024-10-24 00:40:04.295979,TRADE,5849.0,2
2024-10-24 00:40:04.296024,TRADE,5849.0,1
2024-10-24 00:40:04.648451,TRADE,5849.25,2
2024-10-24 00:40:04.648464,TRADE,5849.25,1
2024-10-24 00:40:04.671915,TRADE,5849.25,2
2024-10-24 00:40:04.854938,TRADE,5849.25,2
2024-10-24 00:40:05.122536,TRADE,5849.0,1
2024-10-24 00:40:05.448275,TRADE,5849.0,1
2024-10-24 00:40:05.448354,TRADE,5849.0,7
2024-10-24 00:40:05.562341,TRADE,5848.75,2
2024-10-24 00:40:05.595247,TRADE,5848.75,9
2024-10-24 00:40:05.595394,TRADE,5848.75,1
2024-10-24 00:40:05.595943,TRADE,5848.75,1
2024-10-24 00:40:05.794227,TRADE,5848.75,1
2024-10-24 00:40:05.794931,TRADE,5848.75,2
2024-10-24 00:40:05.795744,TRADE,5848.75,1
2024-10-24 00:40:05.868114,TRADE,5848.75,1
2024-10-24 00:40:05.969242,TRADE,5848.75,6
2024-10-24 00:40:06.757812,TRADE,5849.0,1
2024-10-24 00:40:07.649920,TRADE,5848.75,1
2024-10-24 00:40:09.439696,TRADE,5848.75,1
2024-10-24 00:40:10.090448,TRADE,5848.75,1
2024-10-24 00:40:10.269112,TRADE,5848.75,1
2024-10-24 00:40:12.975890,TRADE,5848.75,1
2024-10-24 00:40:13.650156,TRADE,5848.75,1
2024-10-24 00:40:13.872904,TRADE,5848.75,7
2024-10-24 00:40:14.456249,TRADE,5848.75,1
2024-10-24 00:40:14.457041,TRADE,5848.75,5
2024-10-24 00:40:14.457520,TRADE,5848.75,2
2024-10-24 00:40:14.459392,TRADE,5848.75,1
2024-10-24 00:40:14.850824,TRADE,5848.75,2
2024-10-24 00:40:16.756604,TRADE,5849.0,5
2024-10-24 00:40:19.990054,TRADE,5849.0,3
2024-10-24 00:40:20.064554,TRADE,5849.0,1
2024-10-24 00:40:22.907895,TRADE,5849.0,11
2024-10-24 00:40:23.931656,TRADE,5849.0,1
2024-10-24 00:40:23.931835,TRADE,5849.0,1
2024-10-24 00:40:24.322834,TRADE,5849.0,1
2024-10-24 00:40:25.094881,TRADE,5848.75,1
2024-10-24 00:40:26.391127,TRADE,5849.0,2
2024-10-24 00:40:26.391176,TRADE,5849.0,3
2024-10-24 00:40:28.386707,TRADE,5849.0,8
2024-10-24 00:40:28.386707,TRADE,5849.25,1
2024-10-24 00:40:28.471153,TRADE,5849.25,1
2024-10-24 00:40:30.080595,TRADE,5849.0,1
2024-10-24 00:40:30.080844,TRADE,5849.0,2
2024-10-24 00:40:31.681166,TRADE,5849.0,2
2024-10-24 00:40:33.200163,TRADE,5849.0,2
2024-10-24 00:40:33.200241,TRADE,5849.0,1
2024-10-24 00:40:33.200241,TRADE,5849.0,3
2024-10-24 00:40:33.200268,TRADE,5849.0,1
2024-10-24 00:40:33.207293,TRADE,5849.0,1
2024-10-24 00:40:33.426323,TRADE,5849.0,1
2024-10-24 00:40:33.427020,TRADE,5849.0,4
2024-10-24 00:40:34.028722,TRADE,5849.0,2
2024-10-24 00:40:34.573468,TRADE,5849.0,2
2024-10-24 00:40:35.030438,TRADE,5849.0,1
2024-10-24 00:40:36.460245,TRADE,5849.0,1
2024-10-24 00:40:39.111318,TRADE,5849.0,1
2024-10-24 00:40:41.149220,TRADE,5849.0,1
2024-10-24 00:40:44.197206,TRADE,5849.0,1
2024-10-24 00:40:45.000524,TRADE,5849.0,1
2024-10-24 00:40:45.043575,TRADE,5849.0,1
2024-10-24 00:40:45.043624,TRADE,5849.0,2
2024-10-24 00:40:45.980705,TRADE,5849.25,1
2024-10-24 00:40:46.070490,TRADE,5849.0,1
2024-10-24 00:40:47.748200,TRADE,5848.75,1
2024-10-24 00:40:47.748216,TRADE,5848.75,1
2024-10-24 00:40:47.986475,TRADE,5848.75,2
2024-10-24 00:40:47.986572,TRADE,5848.75,2
2024-10-24 00:40:47.986572,TRADE,5848.75,1
2024-10-24 00:40:50.167185,TRADE,5848.75,1
2024-10-24 00:40:52.463461,TRADE,5848.75,9
2024-10-24 00:40:54.010842,TRADE,5848.75,1
2024-10-24 00:41:00.809587,TRADE,5848.75,2
2024-10-24 00:41:03.980034,TRADE,5848.75,2
2024-10-24 00:41:03.980245,TRADE,5848.75,1
2024-10-24 00:41:03.980282,TRADE,5848.75,1
2024-10-24 00:41:03.980938,TRADE,5848.75,4
2024-10-24 00:41:03.981091,TRADE,5848.75,1
2024-10-24 00:41:03.981134,TRADE,5848.75,1
2024-10-24 00:41:03.981511,TRADE,5848.75,1
2024-10-24 00:41:04.028154,TRADE,5848.75,2
2024-10-24 00:41:04.028154,TRADE,5849.0,35
2024-10-24 00:41:04.028800,TRADE,5849.0,1
2024-10-24 00:41:04.028892,TRADE,5849.0,2
2024-10-24 00:41:04.029731,TRADE,5849.0,1
2024-10-24 00:41:04.199381,TRADE,5849.0,1
2024-10-24 00:41:06.467802,TRADE,5849.0,1
2024-10-24 00:41:06.562185,TRADE,5849.25,1
2024-10-24 00:41:06.562423,TRADE,5849.25,1
2024-10-24 00:41:06.562944,TRADE,5849.25,2
2024-10-24 00:41:10.444063,TRADE,5849.0,1
2024-10-24 00:41:10.444189,TRADE,5849.25,4
2024-10-24 00:41:10.444368,TRADE,5849.25,1
2024-10-24 00:41:10.628979,TRADE,5849.25,1
2024-10-24 00:41:10.629447,TRADE,5849.25,2
2024-10-24 00:41:10.629665,TRADE,5849.25,1
2024-10-24 00:41:10.629712,TRADE,5849.25,1
2024-10-24 00:41:11.492435,TRADE,5849.25,1
2024-10-24 00:41:11.497644,TRADE,5849.25,1
2024-10-24 00:41:11.498785,TRADE,5849.25,1
2024-10-24 00:41:14.905412,TRADE,5849.0,1
2024-10-24 00:41:15.596019,TRADE,5849.25,2
2024-10-24 00:41:22.848421,TRADE,5849.0,1
2024-10-24 00:41:23.662920,TRADE,5849.25,1
2024-10-24 00:41:25.160297,TRADE,5849.0,8
2024-10-24 00:41:25.160415,TRADE,5849.0,2
2024-10-24 00:41:25.160472,TRADE,5849.0,1
2024-10-24 00:41:25.160522,TRADE,5849.0,1
2024-10-24 00:41:25.160587,TRADE,5849.0,1
2024-10-24 00:41:25.160587,TRADE,5849.0,7
2024-10-24 00:41:25.160634,TRADE,5849.0,1
2024-10-24 00:41:25.160716,TRADE,5849.0,1
2024-10-24 00:41:25.160716,TRADE,5849.0,2
2024-10-24 00:41:25.160767,TRADE,5849.0,1
2024-10-24 00:41:25.160827,TRADE,5849.0,1
2024-10-24 00:41:25.160827,TRADE,5849.0,2
2024-10-24 00:41:25.161352,TRADE,5849.25,2
2024-10-24 00:41:25.161560,TRADE,5849.25,2
2024-10-24 00:41:25.161601,TRADE,5849.25,1
2024-10-24 00:41:25.162108,TRADE,5849.25,5
2024-10-24 00:41:25.162293,TRADE,5849.25,2
2024-10-24 00:41:26.272041,TRADE,5849.25,9
2024-10-24 00:41:26.272041,TRADE,5849.5,7
2024-10-24 00:41:26.272057,TRADE,5849.5,1
2024-10-24 00:41:26.272057,TRADE,5849.5,1
2024-10-24 00:41:26.464777,TRADE,5849.25,5
2024-10-24 00:41:26.466198,TRADE,5849.25,1
2024-10-24 00:41:27.914279,TRADE,5849.0,1
2024-10-24 00:41:28.248759,TRADE,5849.25,1
2024-10-24 00:41:28.633083,TRADE,5849.0,3
2024-10-24 00:41:34.418569,TRADE,5849.0,1
2024-10-24 00:41:38.213311,TRADE,5849.25,1
2024-10-24 00:41:38.213516,TRADE,5849.25,1
2024-10-24 00:41:39.879376,TRADE,5849.25,3
2024-10-24 00:41:40.463681,TRADE,5849.5,1
2024-10-24 00:41:41.975025,TRADE,5849.5,6
2024-10-24 00:41:42.415169,TRADE,5849.5,2
2024-10-24 00:41:42.415369,TRADE,5849.5,1
2024-10-24 00:41:42.415402,TRADE,5849.5,1
2024-10-24 00:41:42.707927,TRADE,5849.5,1
2024-10-24 00:41:42.708760,TRADE,5849.5,1
2024-10-24 00:41:42.708801,TRADE,5849.5,1
2024-10-24 00:41:42.708869,TRADE,5849.5,1
2024-10-24 00:41:42.708869,TRADE,5849.5,1
2024-10-24 00:41:43.448371,TRADE,5849.5,7
2024-10-24 00:41:43.451253,TRADE,5849.5,2
2024-10-24 00:41:43.451475,TRADE,5849.5,1
2024-10-24 00:41:44.034840,TRADE,5849.5,4
2024-10-24 00:41:44.034840,TRADE,5849.25,3
2024-10-24 00:41:49.156203,TRADE,5849.75,1
2024-10-24 00:41:49.156263,TRADE,5849.75,2
2024-10-24 00:41:49.156263,TRADE,5849.75,1
2024-10-24 00:41:49.156474,TRADE,5849.75,2
2024-10-24 00:41:49.156510,TRADE,5849.75,1
2024-10-24 00:41:49.156634,TRADE,5849.75,6
2024-10-24 00:41:49.158304,TRADE,5849.75,3
2024-10-24 00:41:49.158560,TRADE,5849.75,3
2024-10-24 00:41:49.159317,TRADE,5849.75,1
2024-10-24 00:41:51.034514,TRADE,5849.75,3
2024-10-24 00:41:51.035151,TRADE,5849.75,1
2024-10-24 00:41:51.522034,TRADE,5849.75,1
2024-10-24 00:41:52.215513,TRADE,5849.75,2
2024-10-24 00:41:52.291571,TRADE,5849.5,1
2024-10-24 00:41:52.845234,TRADE,5849.75,1
2024-10-24 00:41:55.731954,TRADE,5849.75,1
2024-10-24 00:41:58.690316,TRADE,5849.75,1
2024-10-24 00:42:00.257345,TRADE,5849.5,1
2024-10-24 00:42:01.034485,TRADE,5849.75,3
2024-10-24 00:42:02.837682,TRADE,5849.75,8
2024-10-24 00:42:02.838098,TRADE,5849.75,1
2024-10-24 00:42:03.036946,TRADE,5849.75,1
2024-10-24 00:42:03.038889,TRADE,5849.75,6
2024-10-24 00:42:03.268873,TRADE,5849.5,2
2024-10-24 00:42:07.775559,TRADE,5849.75,2
2024-10-24 00:42:08.719207,TRADE,5849.75,1
2024-10-24 00:42:09.673895,TRADE,5849.75,1
2024-10-24 00:42:10.387698,TRADE,5849.5,1
2024-10-24 00:42:10.618791,TRADE,5849.75,4
2024-10-24 00:42:10.620726,TRADE,5849.75,5
2024-10-24 00:42:11.049859,TRADE,5849.75,3
2024-10-24 00:42:11.862409,TRADE,5849.75,1
2024-10-24 00:42:12.013079,TRADE,5849.75,1
2024-10-24 00:42:12.013832,TRADE,5849.75,1
2024-10-24 00:42:13.885996,TRADE,5849.75,1
2024-10-24 00:42:14.068779,TRADE,5849.75,5
2024-10-24 00:42:14.069135,TRADE,5849.75,1
2024-10-24 00:42:14.069313,TRADE,5849.75,1
2024-10-24 00:42:14.069358,TRADE,5849.75,1
2024-10-24 00:42:14.069392,TRADE,5849.75,2
2024-10-24 00:42:16.253606,TRADE,5850.0,3
2024-10-24 00:42:16.253629,TRADE,5850.0,1
2024-10-24 00:42:16.253635,TRADE,5850.0,1
2024-10-24 00:42:16.253641,TRADE,5850.0,1
2024-10-24 00:42:16.253647,TRADE,5850.0,2
2024-10-24 00:42:16.253654,TRADE,5850.0,3
2024-10-24 00:42:16.253654,TRADE,5850.0,4
2024-10-24 00:42:16.253661,TRADE,5850.0,1
2024-10-24 00:42:16.253661,TRADE,5850.0,1
2024-10-24 00:42:16.253669,TRADE,5850.0,5
2024-10-24 00:42:16.253676,TRADE,5850.0,1
2024-10-24 00:42:16.253681,TRADE,5850.0,2
2024-10-24 00:42:16.253688,TRADE,5850.0,1
2024-10-24 00:42:16.253693,TRADE,5850.0,1
2024-10-24 00:42:16.369669,TRADE,5850.0,1
2024-10-24 00:42:18.339223,TRADE,5849.75,1
2024-10-24 00:42:18.339313,TRADE,5849.75,1
2024-10-24 00:42:18.339346,TRADE,5849.75,1
2024-10-24 00:42:18.424435,TRADE,5850.0,1
2024-10-24 00:42:19.538815,TRADE,5850.0,1
2024-10-24 00:42:20.881450,TRADE,5850.0,1
2024-10-24 00:42:25.100516,TRADE,5850.0,8
2024-10-24 00:42:26.224842,TRADE,5850.0,2
2024-10-24 00:42:26.225243,TRADE,5850.0,2
2024-10-24 00:42:26.225425,TRADE,5850.0,3
2024-10-24 00:42:26.225836,TRADE,5850.0,42
2024-10-24 00:42:26.249971,TRADE,5850.0,1
2024-10-24 00:42:26.275719,TRADE,5850.25,1
2024-10-24 00:42:26.275732,TRADE,5850.25,1
2024-10-24 00:42:26.303949,TRADE,5850.25,3
2024-10-24 00:42:26.307105,TRADE,5850.25,1
2024-10-24 00:42:26.307281,TRADE,5850.25,2
2024-10-24 00:42:26.307326,TRADE,5850.25,1
2024-10-24 00:42:26.307359,TRADE,5850.25,1
2024-10-24 00:42:26.419594,TRADE,5850.0,1
2024-10-24 00:42:27.030327,TRADE,5850.25,6
2024-10-24 00:42:28.263146,TRADE,5850.25,1
2024-10-24 00:42:28.517426,TRADE,5850.25,2
2024-10-24 00:42:29.239223,TRADE,5850.5,1
2024-10-24 00:42:29.264256,TRADE,5850.5,9
2024-10-24 00:42:29.264449,TRADE,5850.5,1
2024-10-24 00:42:30.165791,TRADE,5850.25,1
2024-10-24 00:42:30.457442,TRADE,5850.5,2
2024-10-24 00:42:30.457942,TRADE,5850.5,2
2024-10-24 00:42:30.529754,TRADE,5850.75,1
2024-10-24 00:42:30.529766,TRADE,5850.75,1
2024-10-24 00:42:30.529766,TRADE,5850.75,2
2024-10-24 00:42:31.037655,TRADE,5850.75,3
2024-10-24 00:42:31.037910,TRADE,5850.75,1
2024-10-24 00:42:31.038051,TRADE,5850.75,1
2024-10-24 00:42:31.464481,TRADE,5850.75,1
2024-10-24 00:42:32.769299,TRADE,5850.75,1
2024-10-24 00:42:33.778161,TRADE,5850.75,2
2024-10-24 00:42:34.648616,TRADE,5850.75,1
2024-10-24 00:42:34.717940,TRADE,5850.75,1
2024-10-24 00:42:34.717984,TRADE,5850.75,2
2024-10-24 00:42:34.718091,TRADE,5850.75,1
2024-10-24 00:42:34.718208,TRADE,5850.75,1
2024-10-24 00:42:34.718372,TRADE,5850.75,1
2024-10-24 00:42:34.718415,TRADE,5850.75,1
2024-10-24 00:42:34.719815,TRADE,5851.0,1
2024-10-24 00:42:34.719829,TRADE,5851.0,1
2024-10-24 00:42:34.719829,TRADE,5851.0,11
2024-10-24 00:42:34.719829,TRADE,5851.0,2
2024-10-24 00:42:34.719829,TRADE,5851.25,23
2024-10-24 00:42:34.719829,TRADE,5851.25,2
2024-10-24 00:42:34.719829,TRADE,5851.5,1
2024-10-24 00:42:34.720134,TRADE,5851.5,1
2024-10-24 00:42:34.720142,TRADE,5851.5,3
2024-10-24 00:42:34.721167,TRADE,5851.25,2
2024-10-24 00:42:34.721398,TRADE,5851.25,1
2024-10-24 00:42:34.721655,TRADE,5851.25,1
2024-10-24 00:42:34.724865,TRADE,5851.0,1
2024-10-24 00:42:34.725072,TRADE,5851.0,2
2024-10-24 00:42:34.725202,TRADE,5851.0,8
2024-10-24 00:42:34.725251,TRADE,5851.0,2
2024-10-24 00:42:34.725340,TRADE,5851.0,1
2024-10-24 00:42:34.775093,TRADE,5851.0,1
2024-10-24 00:42:34.976910,TRADE,5851.0,1
2024-10-24 00:42:34.977611,TRADE,5851.0,1
2024-10-24 00:42:35.005704,TRADE,5851.0,1
2024-10-24 00:42:35.005910,TRADE,5851.0,1
2024-10-24 00:42:35.948058,TRADE,5850.75,2
2024-10-24 00:42:36.042062,TRADE,5851.0,6
2024-10-24 00:42:36.042251,TRADE,5851.0,1
2024-10-24 00:42:36.600658,TRADE,5851.0,1
2024-10-24 00:42:36.750803,TRADE,5851.0,3
2024-10-24 00:42:37.379154,TRADE,5851.0,1
2024-10-24 00:42:37.632868,TRADE,5851.25,1
2024-10-24 00:42:37.704602,TRADE,5851.25,12
2024-10-24 00:42:37.838886,TRADE,5851.5,1
2024-10-24 00:42:37.839130,TRADE,5851.5,1
2024-10-24 00:42:37.839542,TRADE,5851.5,1
2024-10-24 00:42:38.691518,TRADE,5851.25,1
2024-10-24 00:42:38.691818,TRADE,5851.25,37
2024-10-24 00:42:38.692086,TRADE,5851.25,7
2024-10-24 00:42:38.947143,TRADE,5851.0,6
2024-10-24 00:42:41.108422,TRADE,5851.0,1
2024-10-24 00:42:41.171633,TRADE,5851.0,12
2024-10-24 00:42:41.172094,TRADE,5851.25,7
2024-10-24 00:42:41.172133,TRADE,5851.0,38
2024-10-24 00:42:41.172271,TRADE,5851.25,1
2024-10-24 00:42:41.172342,TRADE,5851.25,1
2024-10-24 00:42:41.172342,TRADE,5851.25,1
2024-10-24 00:42:41.172389,TRADE,5851.25,1
2024-10-24 00:42:41.172448,TRADE,5851.25,1
2024-10-24 00:42:41.172486,TRADE,5851.25,1
2024-10-24 00:42:41.172619,TRADE,5851.25,2
2024-10-24 00:42:41.250416,TRADE,5851.25,3
2024-10-24 00:42:42.601029,TRADE,5851.0,1
2024-10-24 00:42:44.764437,TRADE,5851.0,1
2024-10-24 00:42:45.555299,TRADE,5851.0,1
2024-10-24 00:42:46.171988,TRADE,5851.25,1
2024-10-24 00:42:46.172023,TRADE,5851.25,1
2024-10-24 00:42:46.172164,TRADE,5851.25,1
2024-10-24 00:42:46.172247,TRADE,5851.25,4
2024-10-24 00:42:46.172559,TRADE,5851.25,3
2024-10-24 00:42:46.172654,TRADE,5851.25,1
2024-10-24 00:42:46.172775,TRADE,5851.25,1
2024-10-24 00:42:47.136387,TRADE,5851.0,2
2024-10-24 00:42:47.136544,TRADE,5851.0,1
2024-10-24 00:42:47.136647,TRADE,5851.0,1
2024-10-24 00:42:47.136743,TRADE,5851.0,10
2024-10-24 00:42:47.136777,TRADE,5851.0,1
