time,type,price,size
2024-11-15 00:00:00.070838,TRADE,5967.0,1
2024-11-15 00:00:00.071004,TRADE,5967.0,1
2024-11-15 00:00:00.071090,TRADE,5967.0,5
2024-11-15 00:00:00.165108,TRADE,5967.0,3
2024-11-15 00:00:00.165355,TRADE,5967.0,1
2024-11-15 00:00:00.338488,TRADE,5967.0,1
2024-11-15 00:00:00.427719,TRADE,5967.0,2
2024-11-15 00:00:00.620766,TRADE,5967.0,2
2024-11-15 00:00:01.026422,TRADE,5967.0,1
2024-11-15 00:00:01.259411,TRADE,5966.75,1
2024-11-15 00:00:01.337434,TRADE,5967.0,1
2024-11-15 00:00:01.337822,TRADE,5967.0,6
2024-11-15 00:00:01.866552,TRADE,5967.0,1
2024-11-15 00:00:01.866640,TRADE,5967.0,1
2024-11-15 00:00:01.866721,TRADE,5967.0,1
2024-11-15 00:00:01.866794,TRADE,5967.0,4
2024-11-15 00:00:01.878123,TRADE,5967.0,1
2024-11-15 00:00:02.353022,TRADE,5967.0,1
2024-11-15 00:00:02.443574,TRADE,5966.75,6
2024-11-15 00:00:02.659966,TRADE,5966.75,1
2024-11-15 00:00:05.047615,TRADE,5967.0,1
2024-11-15 00:00:05.647238,TRADE,5966.75,1
2024-11-15 00:00:05.647320,TRADE,5966.75,3
2024-11-15 00:00:05.649133,TRADE,5966.75,1
2024-11-15 00:00:06.249391,TRADE,5966.5,3
2024-11-15 00:00:06.402678,TRADE,5966.5,3
2024-11-15 00:00:06.403035,TRADE,5966.5,1
2024-11-15 00:00:06.403228,TRADE,5966.5,1
2024-11-15 00:00:06.457583,TRADE,5966.5,1
2024-11-15 00:00:06.457789,TRADE,5966.5,2
2024-11-15 00:00:06.736781,TRADE,5966.25,1
2024-11-15 00:00:06.775293,TRADE,5966.5,4
2024-11-15 00:00:06.775510,TRADE,5966.5,1
2024-11-15 00:00:06.775751,TRADE,5966.5,2
2024-11-15 00:00:07.808913,TRADE,5966.5,1
2024-11-15 00:00:07.809182,TRADE,5966.5,7
2024-11-15 00:00:07.809422,TRADE,5966.5,2
2024-11-15 00:00:07.809627,TRADE,5966.5,3
2024-11-15 00:00:08.057781,TRADE,5966.25,1
2024-11-15 00:00:08.900591,TRADE,5966.5,3
2024-11-15 00:00:08.900810,TRADE,5966.5,3
2024-11-15 00:00:08.901661,TRADE,5966.5,1
2024-11-15 00:00:08.901916,TRADE,5966.5,1
2024-11-15 00:00:08.901965,TRADE,5966.5,1
2024-11-15 00:00:08.902079,TRADE,5966.5,1
2024-11-15 00:00:09.142883,TRADE,5966.5,1
2024-11-15 00:00:09.142911,TRADE,5966.5,1
2024-11-15 00:00:09.607739,TRADE,5966.5,2
2024-11-15 00:00:10.801964,TRADE,5966.5,1
2024-11-15 00:00:10.802216,TRADE,5966.5,6
2024-11-15 00:00:14.646977,TRADE,5966.75,9
2024-11-15 00:00:14.795071,TRADE,5966.75,1
2024-11-15 00:00:14.795410,TRADE,5966.75,1
2024-11-15 00:00:14.795597,TRADE,5966.75,1
2024-11-15 00:00:15.302465,TRADE,5966.75,1
2024-11-15 00:00:15.303367,TRADE,5967.0,1
2024-11-15 00:00:15.784421,TRADE,5966.75,1
2024-11-15 00:00:17.251040,TRADE,5966.75,1
2024-11-15 00:00:17.600955,TRADE,5966.75,3
2024-11-15 00:00:17.795151,TRADE,5966.75,6
2024-11-15 00:00:20.805239,TRADE,5966.75,1
2024-11-15 00:00:24.161608,TRADE,5966.75,10
2024-11-15 00:00:27.280929,TRADE,5967.0,3
2024-11-15 00:00:27.281485,TRADE,5967.0,1
2024-11-15 00:00:27.281719,TRADE,5967.0,1
2024-11-15 00:00:29.427197,TRADE,5967.0,1
2024-11-15 00:00:29.427540,TRADE,5967.0,2
2024-11-15 00:00:29.428018,TRADE,5967.0,1
2024-11-15 00:00:29.584196,TRADE,5967.0,2
2024-11-15 00:00:30.764279,TRADE,5967.0,1
2024-11-15 00:00:32.397058,TRADE,5966.75,6
2024-11-15 00:00:32.733907,TRADE,5966.5,1
2024-11-15 00:00:33.103626,TRADE,5966.5,2
2024-11-15 00:00:33.103711,TRADE,5966.5,1
2024-11-15 00:00:33.103711,TRADE,5966.5,3
2024-11-15 00:00:34.256842,TRADE,5966.25,2
2024-11-15 00:00:34.257219,TRADE,5966.25,1
2024-11-15 00:00:35.469197,TRADE,5966.25,2
2024-11-15 00:00:35.469226,TRADE,5966.25,1
2024-11-15 00:00:35.469730,TRADE,5966.25,1
2024-11-15 00:00:35.909282,TRADE,5966.0,1
2024-11-15 00:00:35.909294,TRADE,5966.0,2
2024-11-15 00:00:36.251761,TRADE,5966.0,1
2024-11-15 00:00:36.252140,TRADE,5966.0,1
2024-11-15 00:00:36.252503,TRADE,5966.0,10
2024-11-15 00:00:37.784622,TRADE,5965.75,1
2024-11-15 00:00:37.784636,TRADE,5965.75,2
2024-11-15 00:00:37.784636,TRADE,5965.75,2
2024-11-15 00:00:37.784980,TRADE,5965.75,4
2024-11-15 00:00:37.785386,TRADE,5965.75,1
2024-11-15 00:00:37.785591,TRADE,5965.75,1
2024-11-15 00:00:40.059567,TRADE,5965.75,1
2024-11-15 00:00:40.227471,TRADE,5965.75,1
2024-11-15 00:00:40.227683,TRADE,5965.75,1
2024-11-15 00:00:40.227961,TRADE,5965.75,1
2024-11-15 00:00:40.602256,TRADE,5965.5,1
2024-11-15 00:00:40.602269,TRADE,5965.5,1
2024-11-15 00:00:40.602269,TRADE,5965.5,1
2024-11-15 00:00:40.602269,TRADE,5965.5,1
2024-11-15 00:00:40.603127,TRADE,5965.75,1
2024-11-15 00:00:40.603351,TRADE,5965.75,1
2024-11-15 00:00:40.603394,TRADE,5965.75,1
2024-11-15 00:00:42.469681,TRADE,5966.0,8
2024-11-15 00:00:44.170394,TRADE,5966.25,2
2024-11-15 00:00:44.170584,TRADE,5966.25,3
2024-11-15 00:00:44.632386,TRADE,5966.25,1
2024-11-15 00:00:44.632715,TRADE,5966.25,1
2024-11-15 00:00:44.633104,TRADE,5966.25,1
2024-11-15 00:00:44.992449,TRADE,5966.5,7
2024-11-15 00:00:46.912474,TRADE,5966.5,1
2024-11-15 00:00:48.439894,TRADE,5966.5,2
2024-11-15 00:00:52.246213,TRADE,5966.5,5
2024-11-15 00:00:55.251561,TRADE,5966.25,1
2024-11-15 00:00:57.751955,TRADE,5966.5,7
2024-11-15 00:00:57.753050,TRADE,5966.5,1
2024-11-15 00:00:57.753253,TRADE,5966.5,1
2024-11-15 00:00:58.630622,TRADE,5966.25,1
2024-11-15 00:00:59.784684,TRADE,5966.0,1
2024-11-15 00:01:00.344325,TRADE,5966.0,3
2024-11-15 00:01:10.500320,TRADE,5966.0,4
2024-11-15 00:01:10.500578,TRADE,5966.0,7
2024-11-15 00:01:12.353161,TRADE,5966.0,5
2024-11-15 00:01:12.986213,TRADE,5966.0,1
2024-11-15 00:01:14.251716,TRADE,5966.0,1
2024-11-15 00:01:15.242380,TRADE,5966.25,4
2024-11-15 00:01:15.619762,TRADE,5966.5,1
2024-11-15 00:01:16.270325,TRADE,5966.25,1
2024-11-15 00:01:16.270673,TRADE,5966.25,1
2024-11-15 00:01:16.270850,TRADE,5966.25,1
2024-11-15 00:01:17.542779,TRADE,5966.5,4
2024-11-15 00:01:20.097249,TRADE,5966.5,1
2024-11-15 00:01:21.784905,TRADE,5966.25,2
2024-11-15 00:01:22.187009,TRADE,5966.25,1
2024-11-15 00:01:22.187368,TRADE,5966.25,1
2024-11-15 00:01:22.602359,TRADE,5966.0,2
2024-11-15 00:01:22.653731,TRADE,5966.25,2
2024-11-15 00:01:22.653941,TRADE,5966.25,1
2024-11-15 00:01:22.654164,TRADE,5966.25,1
2024-11-15 00:01:22.848171,TRADE,5966.25,1
2024-11-15 00:01:24.660555,TRADE,5966.25,1
2024-11-15 00:01:24.975305,TRADE,5966.5,1
2024-11-15 00:01:26.328352,TRADE,5966.0,2
2024-11-15 00:01:26.659049,TRADE,5966.25,1
2024-11-15 00:01:27.705064,TRADE,5966.25,1
2024-11-15 00:01:30.269924,TRADE,5966.5,2
2024-11-15 00:01:30.988850,TRADE,5966.25,1
2024-11-15 00:01:32.008606,TRADE,5966.25,1
2024-11-15 00:01:32.009198,TRADE,5966.5,2
2024-11-15 00:01:33.251856,TRADE,5966.25,1
2024-11-15 00:01:34.333409,TRADE,5966.25,1
2024-11-15 00:01:34.333502,TRADE,5966.25,2
2024-11-15 00:01:34.866680,TRADE,5966.25,2
2024-11-15 00:01:34.866680,TRADE,5966.5,14
2024-11-15 00:01:34.867528,TRADE,5966.5,14
2024-11-15 00:01:34.867839,TRADE,5966.5,2
2024-11-15 00:01:34.868046,TRADE,5966.5,1
2024-11-15 00:01:34.868239,TRADE,5966.5,1
2024-11-15 00:01:35.073628,TRADE,5966.5,1
2024-11-15 00:01:35.773188,TRADE,5966.25,10
2024-11-15 00:01:38.485117,TRADE,5966.25,1
2024-11-15 00:01:39.732757,TRADE,5966.25,1
2024-11-15 00:01:40.235175,TRADE,5966.25,1
2024-11-15 00:01:43.785056,TRADE,5966.0,1
2024-11-15 00:01:47.161222,TRADE,5966.5,1
2024-11-15 00:01:47.211192,TRADE,5966.5,4
2024-11-15 00:01:47.211377,TRADE,5966.5,1
2024-11-15 00:01:47.211442,TRADE,5966.5,2
2024-11-15 00:01:50.424043,TRADE,5966.5,8
2024-11-15 00:01:50.452215,TRADE,5966.75,8
2024-11-15 00:01:51.993069,TRADE,5967.0,2
2024-11-15 00:01:51.993295,TRADE,5967.0,2
2024-11-15 00:01:51.993610,TRADE,5967.0,1
2024-11-15 00:01:52.252068,TRADE,5966.75,1
2024-11-15 00:01:52.711210,TRADE,5967.0,1
2024-11-15 00:01:52.711461,TRADE,5967.0,1
2024-11-15 00:01:56.693690,TRADE,5967.0,2
2024-11-15 00:01:59.079498,TRADE,5966.75,8
2024-11-15 00:01:59.079989,TRADE,5966.75,1
2024-11-15 00:01:59.080201,TRADE,5966.75,1
2024-11-15 00:01:59.080770,TRADE,5966.75,1
2024-11-15 00:02:02.797707,TRADE,5966.75,1
2024-11-15 00:02:04.602588,TRADE,5966.5,1
2024-11-15 00:02:05.785178,TRADE,5966.5,1
2024-11-15 00:02:05.785441,TRADE,5966.5,1
2024-11-15 00:02:09.922686,TRADE,5966.5,1
2024-11-15 00:02:11.252368,TRADE,5966.5,1
2024-11-15 00:02:15.952786,TRADE,5966.75,7
2024-11-15 00:02:15.953258,TRADE,5966.75,1
2024-11-15 00:02:15.953448,TRADE,5966.75,1
2024-11-15 00:02:15.953665,TRADE,5966.75,1
2024-11-15 00:02:16.288039,TRADE,5966.75,1
2024-11-15 00:02:17.327777,TRADE,5967.0,2
2024-11-15 00:02:18.618375,TRADE,5967.25,3
2024-11-15 00:02:18.618567,TRADE,5967.25,1
2024-11-15 00:02:23.856271,TRADE,5967.25,6
2024-11-15 00:02:23.856631,TRADE,5967.25,1
2024-11-15 00:02:23.856716,TRADE,5967.25,1
2024-11-15 00:02:23.856850,TRADE,5967.25,1
2024-11-15 00:02:23.858170,TRADE,5967.25,1
2024-11-15 00:02:23.858206,TRADE,5967.25,1
2024-11-15 00:02:23.858465,TRADE,5967.25,1
2024-11-15 00:02:24.837034,TRADE,5967.25,1
2024-11-15 00:02:27.784798,TRADE,5967.5,1
2024-11-15 00:02:27.784812,TRADE,5967.5,1
2024-11-15 00:02:27.784812,TRADE,5967.5,1
2024-11-15 00:02:27.784894,TRADE,5967.5,3
2024-11-15 00:02:27.785281,TRADE,5967.5,1
2024-11-15 00:02:30.252762,TRADE,5967.25,1
2024-11-15 00:02:32.531150,TRADE,5967.5,1
2024-11-15 00:02:32.690640,TRADE,5967.25,6
2024-11-15 00:02:34.969404,TRADE,5967.25,2
2024-11-15 00:02:38.510523,TRADE,5967.0,1
2024-11-15 00:02:40.164790,TRADE,5967.25,2
2024-11-15 00:02:44.700744,TRADE,5967.0,6
2024-11-15 00:02:45.272545,TRADE,5967.0,1
2024-11-15 00:02:45.747714,TRADE,5967.0,1
2024-11-15 00:02:46.602802,TRADE,5967.0,2
2024-11-15 00:02:49.252790,TRADE,5967.0,1
2024-11-15 00:02:49.785445,TRADE,5967.0,1
2024-11-15 00:02:50.656670,TRADE,5967.0,2
2024-11-15 00:02:51.491918,TRADE,5967.0,1
2024-11-15 00:02:51.492126,TRADE,5967.0,1
2024-11-15 00:02:51.978294,TRADE,5967.0,1
2024-11-15 00:02:54.063908,TRADE,5967.0,1
2024-11-15 00:02:54.064113,TRADE,5967.0,1
2024-11-15 00:02:56.957299,TRADE,5967.0,5
2024-11-15 00:02:59.689337,TRADE,5967.25,1
2024-11-15 00:02:59.689680,TRADE,5967.25,1
2024-11-15 00:02:59.882052,TRADE,5967.0,1
2024-11-15 00:03:00.933614,TRADE,5967.25,1
2024-11-15 00:03:00.933830,TRADE,5967.25,1
2024-11-15 00:03:03.807609,TRADE,5967.25,5
2024-11-15 00:03:03.807827,TRADE,5967.25,1
2024-11-15 00:03:03.807909,TRADE,5967.25,1
2024-11-15 00:03:05.547455,TRADE,5967.0,8
2024-11-15 00:03:05.549068,TRADE,5967.0,1
2024-11-15 00:03:08.253035,TRADE,5966.75,2
2024-11-15 00:03:11.785641,TRADE,5967.0,2
2024-11-15 00:03:27.253184,TRADE,5967.0,1
2024-11-15 00:03:28.602930,TRADE,5967.0,1
2024-11-15 00:03:33.223274,TRADE,5967.25,1
2024-11-15 00:03:33.785735,TRADE,5967.0,1
2024-11-15 00:03:34.428436,TRADE,5967.25,1
2024-11-15 00:03:34.770759,TRADE,5967.25,5
2024-11-15 00:03:35.187922,TRADE,5967.25,1
2024-11-15 00:03:38.622290,TRADE,5967.5,1
2024-11-15 00:03:40.038340,TRADE,5967.25,7
2024-11-15 00:03:41.628749,TRADE,5967.0,1
2024-11-15 00:03:42.000766,TRADE,5967.25,3
2024-11-15 00:03:46.253441,TRADE,5967.0,1
2024-11-15 00:03:55.000784,TRADE,5967.25,3
2024-11-15 00:03:55.001000,TRADE,5967.25,1
2024-11-15 00:03:55.001080,TRADE,5967.25,5
2024-11-15 00:03:55.001275,TRADE,5967.25,3
2024-11-15 00:03:55.785920,TRADE,5967.25,1
2024-11-15 00:03:57.753498,TRADE,5967.25,1
2024-11-15 00:03:57.753686,TRADE,5967.25,2
2024-11-15 00:04:00.203170,TRADE,5967.0,4
2024-11-15 00:04:00.203287,TRADE,5967.0,1
2024-11-15 00:04:00.203540,TRADE,5967.0,1
2024-11-15 00:04:00.522272,TRADE,5967.25,1
2024-11-15 00:04:00.522342,TRADE,5967.25,2
2024-11-15 00:04:00.522490,TRADE,5967.25,1
2024-11-15 00:04:00.522524,TRADE,5967.25,1
2024-11-15 00:04:01.316244,TRADE,5967.25,1
2024-11-15 00:04:01.316270,TRADE,5967.25,1
2024-11-15 00:04:01.506927,TRADE,5967.25,4
2024-11-15 00:04:01.515427,TRADE,5967.0,2
2024-11-15 00:04:01.522299,TRADE,5967.0,1
2024-11-15 00:04:03.019046,TRADE,5967.0,3
2024-11-15 00:04:03.183494,TRADE,5967.0,1
2024-11-15 00:04:05.253616,TRADE,5967.0,2
2024-11-15 00:04:06.965781,TRADE,5967.0,2
2024-11-15 00:04:10.371150,TRADE,5967.25,5
2024-11-15 00:04:10.371352,TRADE,5967.25,1
2024-11-15 00:04:10.603138,TRADE,5967.0,2
2024-11-15 00:04:13.742737,TRADE,5967.0,5
2024-11-15 00:04:14.363549,TRADE,5967.25,2
2024-11-15 00:04:15.094541,TRADE,5967.25,1
2024-11-15 00:04:15.094576,TRADE,5967.25,2
2024-11-15 00:04:15.094759,TRADE,5967.25,3
2024-11-15 00:04:15.096669,TRADE,5967.25,1
2024-11-15 00:04:17.786138,TRADE,5967.25,1
2024-11-15 00:04:18.787640,TRADE,5967.25,4
2024-11-15 00:04:21.968605,TRADE,5967.25,1
2024-11-15 00:04:24.253826,TRADE,5967.0,1
2024-11-15 00:04:39.675535,TRADE,5967.25,1
2024-11-15 00:04:39.786731,TRADE,5967.0,2
2024-11-15 00:04:43.254014,TRADE,5967.0,1
2024-11-15 00:04:50.403277,TRADE,5967.25,1
2024-11-15 00:04:52.603359,TRADE,5967.0,3
2024-11-15 00:04:52.603605,TRADE,5967.0,2
2024-11-15 00:04:53.709250,TRADE,5967.0,2
2024-11-15 00:04:53.709476,TRADE,5967.0,6
2024-11-15 00:04:53.854033,TRADE,5966.75,1
2024-11-15 00:04:56.178015,TRADE,5966.75,1
2024-11-15 00:04:56.480571,TRADE,5966.75,1
2024-11-15 00:04:56.995354,TRADE,5967.0,2
2024-11-15 00:04:56.995685,TRADE,5967.0,9
2024-11-15 00:04:59.526673,TRADE,5967.25,5
2024-11-15 00:04:59.526905,TRADE,5967.25,1
2024-11-15 00:04:59.526952,TRADE,5967.25,1
2024-11-15 00:05:01.786383,TRADE,5967.25,1
2024-11-15 00:05:01.786598,TRADE,5967.25,1
2024-11-15 00:05:01.786633,TRADE,5967.25,1
2024-11-15 00:05:01.786910,TRADE,5967.25,3
2024-11-15 00:05:02.254153,TRADE,5967.0,1
2024-11-15 00:05:02.511576,TRADE,5967.25,1
2024-11-15 00:05:02.511841,TRADE,5967.25,4
2024-11-15 00:05:06.038217,TRADE,5967.25,1
2024-11-15 00:05:10.901044,TRADE,5967.0,1
2024-11-15 00:05:11.216404,TRADE,5967.0,1
2024-11-15 00:05:13.029282,TRADE,5967.0,1
2024-11-15 00:05:14.593981,TRADE,5967.25,1
2024-11-15 00:05:21.254386,TRADE,5967.0,1
2024-11-15 00:05:21.698340,TRADE,5967.25,1
2024-11-15 00:05:23.786941,TRADE,5967.0,2
2024-11-15 00:05:25.140278,TRADE,5967.25,1
2024-11-15 00:05:25.140380,TRADE,5967.25,2
2024-11-15 00:05:25.140380,TRADE,5967.25,2
2024-11-15 00:05:25.140412,TRADE,5967.25,1
2024-11-15 00:05:25.140789,TRADE,5967.25,1
2024-11-15 00:05:25.793725,TRADE,5967.0,1
2024-11-15 00:05:28.067311,TRADE,5967.0,6
2024-11-15 00:05:31.289485,TRADE,5967.0,1
2024-11-15 00:05:31.289735,TRADE,5967.0,1
2024-11-15 00:05:31.568874,TRADE,5967.0,2
2024-11-15 00:05:33.391873,TRADE,5966.75,1
2024-11-15 00:05:33.392239,TRADE,5966.75,7
2024-11-15 00:05:34.608316,TRADE,5966.5,3
2024-11-15 00:05:37.545424,TRADE,5966.5,1
2024-11-15 00:05:40.254752,TRADE,5966.5,1
2024-11-15 00:05:42.998852,TRADE,5966.75,1
2024-11-15 00:05:43.658143,TRADE,5966.75,1
2024-11-15 00:05:45.519972,TRADE,5966.75,1
2024-11-15 00:05:45.786665,TRADE,5966.5,1
2024-11-15 00:05:46.911387,TRADE,5966.5,1
2024-11-15 00:05:46.911561,TRADE,5966.5,12
2024-11-15 00:05:50.664588,TRADE,5966.25,5
2024-11-15 00:05:50.690515,TRADE,5966.0,1
2024-11-15 00:05:50.690825,TRADE,5966.25,1
2024-11-15 00:05:50.822478,TRADE,5966.25,1
2024-11-15 00:05:53.005426,TRADE,5966.5,4
2024-11-15 00:05:53.005515,TRADE,5966.5,3
2024-11-15 00:05:53.005733,TRADE,5966.5,9
2024-11-15 00:05:54.386601,TRADE,5966.5,6
2024-11-15 00:05:54.688113,TRADE,5966.5,1
2024-11-15 00:05:55.005731,TRADE,5966.5,2
2024-11-15 00:05:59.254928,TRADE,5966.5,1
2024-11-15 00:06:02.699595,TRADE,5966.5,1
2024-11-15 00:06:02.699749,TRADE,5966.5,1
2024-11-15 00:06:02.699986,TRADE,5966.5,1
2024-11-15 00:06:04.696967,TRADE,5966.75,3
2024-11-15 00:06:04.697054,TRADE,5966.75,1
2024-11-15 00:06:04.697054,TRADE,5966.75,2
2024-11-15 00:06:04.697054,TRADE,5966.75,1
2024-11-15 00:06:04.698179,TRADE,5966.75,5
2024-11-15 00:06:04.699538,TRADE,5966.75,2
2024-11-15 00:06:04.699952,TRADE,5966.75,1
2024-11-15 00:06:07.786865,TRADE,5966.75,1
2024-11-15 00:06:08.719318,TRADE,5966.75,1
2024-11-15 00:06:15.110953,TRADE,5967.0,8
2024-11-15 00:06:16.608646,TRADE,5966.75,2
2024-11-15 00:06:18.255129,TRADE,5966.75,1
2024-11-15 00:06:18.539049,TRADE,5967.0,1
2024-11-15 00:06:19.762954,TRADE,5967.0,1
2024-11-15 00:06:22.553121,TRADE,5967.0,5
2024-11-15 00:06:22.553705,TRADE,5967.0,1
2024-11-15 00:06:26.154498,TRADE,5967.0,2
2024-11-15 00:06:26.154579,TRADE,5967.0,2
2024-11-15 00:06:26.154740,TRADE,5967.0,4
2024-11-15 00:06:26.155062,TRADE,5967.0,1
2024-11-15 00:06:26.155097,TRADE,5967.0,1
2024-11-15 00:06:26.155438,TRADE,5967.0,1
2024-11-15 00:06:26.155872,TRADE,5967.0,1
2024-11-15 00:06:29.786955,TRADE,5966.75,1
2024-11-15 00:06:37.255421,TRADE,5966.75,1
2024-11-15 00:06:40.246950,TRADE,5966.75,1
2024-11-15 00:06:42.057819,TRADE,5966.75,1
2024-11-15 00:06:42.499131,TRADE,5966.75,1
2024-11-15 00:06:42.508289,TRADE,5966.75,1
2024-11-15 00:06:47.813094,TRADE,5966.75,1
2024-11-15 00:06:51.787124,TRADE,5966.75,1
2024-11-15 00:06:55.407941,TRADE,5966.75,1
2024-11-15 00:06:55.407994,TRADE,5966.75,2
2024-11-15 00:06:56.255615,TRADE,5966.5,1
2024-11-15 00:06:58.612258,TRADE,5966.75,2
2024-11-15 00:06:58.612972,TRADE,5966.75,1
2024-11-15 00:07:00.410781,TRADE,5966.75,1
2024-11-15 00:07:01.061592,TRADE,5966.75,1
2024-11-15 00:07:01.061766,TRADE,5966.75,1
2024-11-15 00:07:01.061796,TRADE,5966.75,1
2024-11-15 00:07:01.952354,TRADE,5966.75,1
2024-11-15 00:07:09.961095,TRADE,5966.75,2
2024-11-15 00:07:09.961137,TRADE,5966.75,2
2024-11-15 00:07:09.961210,TRADE,5966.75,7
2024-11-15 00:07:09.961983,TRADE,5966.75,2
2024-11-15 00:07:12.778452,TRADE,5966.5,5
2024-11-15 00:07:12.778607,TRADE,5966.5,2
2024-11-15 00:07:13.787237,TRADE,5966.5,1
2024-11-15 00:07:15.255770,TRADE,5966.5,1
2024-11-15 00:07:20.147407,TRADE,5966.5,1
2024-11-15 00:07:20.147711,TRADE,5966.5,1
2024-11-15 00:07:20.268746,TRADE,5966.25,1
2024-11-15 00:07:25.086332,TRADE,5966.5,4
2024-11-15 00:07:25.086688,TRADE,5966.5,1
2024-11-15 00:07:26.449661,TRADE,5966.25,1
2024-11-15 00:07:30.277858,TRADE,5966.5,8
2024-11-15 00:07:30.278327,TRADE,5966.5,1
2024-11-15 00:07:30.557786,TRADE,5966.5,12
2024-11-15 00:07:30.558764,TRADE,5966.5,7
2024-11-15 00:07:30.558875,TRADE,5966.5,1
2024-11-15 00:07:30.558875,TRADE,5966.5,1
2024-11-15 00:07:30.558912,TRADE,5966.5,1
2024-11-15 00:07:30.920366,TRADE,5966.5,1
2024-11-15 00:07:33.361457,TRADE,5966.75,8
2024-11-15 00:07:34.256005,TRADE,5966.75,1
2024-11-15 00:07:35.787884,TRADE,5966.75,1
2024-11-15 00:07:38.793435,TRADE,5967.0,1
2024-11-15 00:07:40.612522,TRADE,5966.75,2
2024-11-15 00:07:53.256284,TRADE,5966.75,1
2024-11-15 00:07:57.787566,TRADE,5966.75,1
2024-11-15 00:08:03.273792,TRADE,5967.0,2
2024-11-15 00:08:03.274143,TRADE,5967.0,5
2024-11-15 00:08:03.274446,TRADE,5967.0,1
2024-11-15 00:08:03.287289,TRADE,5967.0,1
2024-11-15 00:08:09.118911,TRADE,5967.25,1
2024-11-15 00:08:09.119290,TRADE,5967.0,1
2024-11-15 00:08:09.178570,TRADE,5967.25,3
2024-11-15 00:08:09.574962,TRADE,5967.0,1
2024-11-15 00:08:12.256471,TRADE,5967.0,1
2024-11-15 00:08:15.116823,TRADE,5967.0,1
2024-11-15 00:08:19.787742,TRADE,5967.0,1
2024-11-15 00:08:20.419675,TRADE,5967.25,1
2024-11-15 00:08:22.612616,TRADE,5967.0,1
2024-11-15 00:08:23.412004,TRADE,5967.0,1
2024-11-15 00:08:24.200716,TRADE,5967.0,1
2024-11-15 00:08:25.412188,TRADE,5967.25,1
2024-11-15 00:08:31.256634,TRADE,5966.75,1
2024-11-15 00:08:32.371297,TRADE,5966.75,2
2024-11-15 00:08:38.829461,TRADE,5966.75,1
2024-11-15 00:08:38.829722,TRADE,5966.75,4
2024-11-15 00:08:41.261609,TRADE,5966.5,1
2024-11-15 00:08:41.787848,TRADE,5966.5,2
2024-11-15 00:08:43.297671,TRADE,5966.5,1
2024-11-15 00:08:43.299039,TRADE,5966.5,2
2024-11-15 00:08:43.299218,TRADE,5966.5,1
2024-11-15 00:08:43.299323,TRADE,5966.5,1
2024-11-15 00:08:43.299384,TRADE,5966.5,3
2024-11-15 00:08:45.190633,TRADE,5966.5,1
2024-11-15 00:08:46.212917,TRADE,5966.25,6
2024-11-15 00:08:46.213200,TRADE,5966.25,14
2024-11-15 00:08:46.391810,TRADE,5966.25,4
2024-11-15 00:08:47.776597,TRADE,5966.25,1
2024-11-15 00:08:47.782063,TRADE,5966.0,1
2024-11-15 00:08:47.782441,TRADE,5966.0,31
2024-11-15 00:08:47.782594,TRADE,5966.0,1
2024-11-15 00:08:47.782625,TRADE,5966.0,1
2024-11-15 00:08:47.782701,TRADE,5966.0,2
2024-11-15 00:08:47.807014,TRADE,5965.75,1
2024-11-15 00:08:48.023380,TRADE,5965.75,1
2024-11-15 00:08:48.041180,TRADE,5966.0,1
2024-11-15 00:08:48.196211,TRADE,5966.0,2
2024-11-15 00:08:50.149912,TRADE,5966.0,1
2024-11-15 00:08:50.260257,TRADE,5965.75,1
2024-11-15 00:08:51.731853,TRADE,5966.0,1
2024-11-15 00:08:51.731909,TRADE,5966.0,3
2024-11-15 00:08:51.731974,TRADE,5966.0,3
2024-11-15 00:08:51.731974,TRADE,5966.0,2
2024-11-15 00:08:51.732133,TRADE,5966.0,1
2024-11-15 00:08:51.732170,TRADE,5966.0,1
2024-11-15 00:08:51.732272,TRADE,5966.0,4
2024-11-15 00:08:51.735004,TRADE,5966.0,1
2024-11-15 00:08:51.735343,TRADE,5966.0,1
2024-11-15 00:08:51.739558,TRADE,5966.0,2
2024-11-15 00:08:52.036153,TRADE,5966.0,1
2024-11-15 00:08:52.333565,TRADE,5966.0,1
2024-11-15 00:08:58.814149,TRADE,5966.0,1
2024-11-15 00:09:00.282954,TRADE,5965.75,1
2024-11-15 00:09:03.788002,TRADE,5965.75,1
2024-11-15 00:09:03.797730,TRADE,5965.75,13
2024-11-15 00:09:03.807025,TRADE,5965.75,1
2024-11-15 00:09:04.612816,TRADE,5965.5,2
2024-11-15 00:09:04.612828,TRADE,5965.5,1
2024-11-15 00:09:05.653518,TRADE,5965.75,1
2024-11-15 00:09:09.265240,TRADE,5965.5,1
2024-11-15 00:09:09.265642,TRADE,5965.5,1
2024-11-15 00:09:12.218174,TRADE,5965.75,2
2024-11-15 00:09:12.218376,TRADE,5965.75,5
2024-11-15 00:09:12.218444,TRADE,5965.75,1
2024-11-15 00:09:12.218516,TRADE,5965.75,1
2024-11-15 00:09:12.218516,TRADE,5965.75,4
2024-11-15 00:09:12.218724,TRADE,5965.75,1
2024-11-15 00:09:12.219014,TRADE,5965.75,1
2024-11-15 00:09:12.219218,TRADE,5965.75,1
2024-11-15 00:09:12.251409,TRADE,5965.75,1
2024-11-15 00:09:12.538492,TRADE,5965.5,1
2024-11-15 00:09:13.445067,TRADE,5965.5,10
2024-11-15 00:09:13.445352,TRADE,5965.5,4
2024-11-15 00:09:14.131603,TRADE,5965.25,5
2024-11-15 00:09:14.131618,TRADE,5965.25,1
2024-11-15 00:09:14.131618,TRADE,5965.25,1
2024-11-15 00:09:14.156494,TRADE,5965.25,1
2024-11-15 00:09:15.370991,TRADE,5965.5,9
2024-11-15 00:09:15.632103,TRADE,5965.75,1
2024-11-15 00:09:15.632222,TRADE,5965.75,1
2024-11-15 00:09:15.632281,TRADE,5965.75,1
2024-11-15 00:09:15.632969,TRADE,5965.75,1
2024-11-15 00:09:15.633055,TRADE,5965.75,1
2024-11-15 00:09:15.633246,TRADE,5965.75,1
2024-11-15 00:09:15.760121,TRADE,5965.75,1
2024-11-15 00:09:16.128110,TRADE,5965.75,1
2024-11-15 00:09:16.276806,TRADE,5965.75,1
2024-11-15 00:09:16.388675,TRADE,5966.0,6
2024-11-15 00:09:17.653678,TRADE,5966.0,7
2024-11-15 00:09:17.658880,TRADE,5966.0,4
2024-11-15 00:09:17.771886,TRADE,5965.75,1
2024-11-15 00:09:20.348496,TRADE,5965.75,1
2024-11-15 00:09:24.683856,TRADE,5965.75,4
2024-11-15 00:09:24.683893,TRADE,5965.75,1
2024-11-15 00:09:24.684387,TRADE,5965.75,1
2024-11-15 00:09:25.788165,TRADE,5965.5,1
2024-11-15 00:09:25.921044,TRADE,5965.75,1
2024-11-15 00:09:28.265439,TRADE,5965.5,1
2024-11-15 00:09:39.084875,TRADE,5965.5,1
2024-11-15 00:09:39.753245,TRADE,5965.5,1
2024-11-15 00:09:39.753555,TRADE,5965.5,8
2024-11-15 00:09:39.867823,TRADE,5965.5,1
2024-11-15 00:09:39.868026,TRADE,5965.5,1
2024-11-15 00:09:39.891083,TRADE,5965.5,1
2024-11-15 00:09:39.891294,TRADE,5965.5,1
2024-11-15 00:09:40.251039,TRADE,5965.5,1
2024-11-15 00:09:41.411381,TRADE,5965.5,1
2024-11-15 00:09:45.828621,TRADE,5965.5,1
2024-11-15 00:09:46.613924,TRADE,5965.5,3
2024-11-15 00:09:47.265635,TRADE,5965.5,1
2024-11-15 00:09:47.788250,TRADE,5965.5,1
2024-11-15 00:09:49.048199,TRADE,5965.5,1
2024-11-15 00:09:51.222257,TRADE,5965.5,5
2024-11-15 00:09:54.313051,TRADE,5965.5,1
2024-11-15 00:09:54.595461,TRADE,5965.5,1
2024-11-15 00:09:54.609928,TRADE,5965.25,25
2024-11-15 00:09:54.610357,TRADE,5965.25,2
2024-11-15 00:09:54.610594,TRADE,5965.5,1
2024-11-15 00:09:54.610854,TRADE,5965.5,1
2024-11-15 00:09:54.610938,TRADE,5965.5,1
2024-11-15 00:09:54.610938,TRADE,5965.5,1
2024-11-15 00:09:54.611023,TRADE,5965.5,1
2024-11-15 00:09:54.611133,TRADE,5965.5,6
2024-11-15 00:09:54.638831,TRADE,5965.5,1
2024-11-15 00:09:54.648036,TRADE,5965.5,1
2024-11-15 00:09:56.536387,TRADE,5965.5,1
2024-11-15 00:09:56.539804,TRADE,5965.75,4
2024-11-15 00:09:56.540067,TRADE,5965.75,6
2024-11-15 00:09:56.776983,TRADE,5965.75,1
2024-11-15 00:09:56.908421,TRADE,5966.0,2
2024-11-15 00:09:56.938022,TRADE,5966.0,4
2024-11-15 00:09:57.158415,TRADE,5966.0,1
2024-11-15 00:09:59.074630,TRADE,5966.25,9
2024-11-15 00:09:59.075434,TRADE,5966.25,1
2024-11-15 00:09:59.167999,TRADE,5966.25,1
2024-11-15 00:09:59.712649,TRADE,5966.25,1
2024-11-15 00:10:00.279497,TRADE,5966.25,1
2024-11-15 00:10:00.373309,TRADE,5966.25,5
2024-11-15 00:10:00.417641,TRADE,5966.25,5
2024-11-15 00:10:00.597871,TRADE,5966.25,1
2024-11-15 00:10:01.500494,TRADE,5966.25,2
2024-11-15 00:10:02.626984,TRADE,5966.25,1
2024-11-15 00:10:03.730684,TRADE,5966.5,15
2024-11-15 00:10:04.185317,TRADE,5966.5,1
2024-11-15 00:10:05.214649,TRADE,5966.5,1
2024-11-15 00:10:06.265822,TRADE,5966.5,1
2024-11-15 00:10:07.240539,TRADE,5966.75,5
2024-11-15 00:10:08.222850,TRADE,5966.75,3
2024-11-15 00:10:08.223085,TRADE,5966.75,1
2024-11-15 00:10:08.224130,TRADE,5966.75,1
2024-11-15 00:10:08.224182,TRADE,5966.75,2
2024-11-15 00:10:08.224256,TRADE,5966.75,1
2024-11-15 00:10:08.224320,TRADE,5966.75,1
2024-11-15 00:10:08.224525,TRADE,5966.75,1
2024-11-15 00:10:08.227164,TRADE,5966.75,2
2024-11-15 00:10:08.365051,TRADE,5966.75,2
2024-11-15 00:10:08.593698,TRADE,5966.5,1
2024-11-15 00:10:09.788475,TRADE,5966.5,1
2024-11-15 00:10:16.280774,TRADE,5966.5,2
2024-11-15 00:10:16.281024,TRADE,5966.5,7
2024-11-15 00:10:23.029991,TRADE,5966.5,1
2024-11-15 00:10:23.708905,TRADE,5966.75,15
2024-11-15 00:10:23.723122,TRADE,5967.0,5
2024-11-15 00:10:24.063314,TRADE,5967.0,1
2024-11-15 00:10:25.266019,TRADE,5967.0,1
2024-11-15 00:10:27.132203,TRADE,5967.25,12
2024-11-15 00:10:28.619004,TRADE,5967.25,2
2024-11-15 00:10:30.132867,TRADE,5967.5,13
2024-11-15 00:10:30.132886,TRADE,5967.75,1
2024-11-15 00:10:30.133443,TRADE,5967.5,2
2024-11-15 00:10:30.133661,TRADE,5967.5,4
2024-11-15 00:10:30.134126,TRADE,5967.5,2
2024-11-15 00:10:31.747023,TRADE,5967.5,1
2024-11-15 00:10:31.788654,TRADE,5967.25,1
2024-11-15 00:10:34.389682,TRADE,5967.25,2
2024-11-15 00:10:37.107678,TRADE,5967.5,1
2024-11-15 00:10:41.562031,TRADE,5967.25,1
2024-11-15 00:10:41.721396,TRADE,5967.25,1
2024-11-15 00:10:42.517733,TRADE,5967.5,1
2024-11-15 00:10:44.266334,TRADE,5967.25,1
2024-11-15 00:10:45.452638,TRADE,5967.5,1
2024-11-15 00:10:48.256047,TRADE,5967.5,1
2024-11-15 00:10:49.463863,TRADE,5967.25,1
2024-11-15 00:10:52.250369,TRADE,5967.5,2
2024-11-15 00:10:53.788762,TRADE,5967.25,2
2024-11-15 00:10:57.397260,TRADE,5967.25,1
2024-11-15 00:10:59.268138,TRADE,5967.25,3
2024-11-15 00:10:59.268359,TRADE,5967.25,1
2024-11-15 00:11:01.956507,TRADE,5967.5,1
2024-11-15 00:11:02.957985,TRADE,5967.25,2
2024-11-15 00:11:03.272293,TRADE,5967.25,1
2024-11-15 00:11:03.577359,TRADE,5967.25,1
2024-11-15 00:11:03.577573,TRADE,5967.25,1
2024-11-15 00:11:03.577934,TRADE,5967.25,1
2024-11-15 00:11:05.055669,TRADE,5967.25,4
2024-11-15 00:11:05.387582,TRADE,5967.25,6
2024-11-15 00:11:05.387761,TRADE,5967.25,1
2024-11-15 00:11:05.388096,TRADE,5967.25,1
2024-11-15 00:11:05.388315,TRADE,5967.25,1
2024-11-15 00:11:05.388383,TRADE,5967.25,2
2024-11-15 00:11:05.388792,TRADE,5967.25,3
2024-11-15 00:11:05.389092,TRADE,5967.25,1
2024-11-15 00:11:10.619258,TRADE,5967.0,2
2024-11-15 00:11:14.126672,TRADE,5967.0,9
2024-11-15 00:11:14.128315,TRADE,5967.0,1
2024-11-15 00:11:14.128764,TRADE,5967.0,1
2024-11-15 00:11:14.363506,TRADE,5966.75,1
2024-11-15 00:11:14.573328,TRADE,5967.0,2
2024-11-15 00:11:14.832845,TRADE,5967.0,3
2024-11-15 00:11:15.788912,TRADE,5966.75,1
2024-11-15 00:11:21.364303,TRADE,5966.75,1
2024-11-15 00:11:21.364566,TRADE,5966.75,6
2024-11-15 00:11:22.272540,TRADE,5966.5,1
2024-11-15 00:11:22.272552,TRADE,5966.5,1
2024-11-15 00:11:22.535029,TRADE,5966.5,10
2024-11-15 00:11:26.031596,TRADE,5966.25,1
2024-11-15 00:11:26.098765,TRADE,5966.5,1
2024-11-15 00:11:26.099081,TRADE,5966.5,9
2024-11-15 00:11:26.099113,TRADE,5966.5,1
2024-11-15 00:11:26.099152,TRADE,5966.5,1
2024-11-15 00:11:26.099280,TRADE,5966.5,1
2024-11-15 00:11:26.099320,TRADE,5966.5,1
2024-11-15 00:11:26.099485,TRADE,5966.5,1
2024-11-15 00:11:26.099575,TRADE,5966.5,1
2024-11-15 00:11:26.099807,TRADE,5966.5,3
2024-11-15 00:11:26.476553,TRADE,5966.5,1
2024-11-15 00:11:26.664419,TRADE,5966.5,1
2024-11-15 00:11:29.796729,TRADE,5966.25,4
2024-11-15 00:11:34.669089,TRADE,5966.25,1
2024-11-15 00:11:36.299973,TRADE,5966.25,2
2024-11-15 00:11:37.789066,TRADE,5966.25,1
2024-11-15 00:11:39.898189,TRADE,5966.25,1
2024-11-15 00:11:39.898360,TRADE,5966.25,1
2024-11-15 00:11:39.898410,TRADE,5966.25,4
2024-11-15 00:11:39.898733,TRADE,5966.25,1
2024-11-15 00:11:39.898801,TRADE,5966.25,1
2024-11-15 00:11:40.531621,TRADE,5966.5,6
2024-11-15 00:11:40.531670,TRADE,5966.5,1
2024-11-15 00:11:40.531717,TRADE,5966.5,1
2024-11-15 00:11:40.531757,TRADE,5966.5,1
2024-11-15 00:11:40.531828,TRADE,5966.5,3
2024-11-15 00:11:41.272683,TRADE,5966.5,1
2024-11-15 00:11:42.496381,TRADE,5966.5,1
2024-11-15 00:11:51.874969,TRADE,5966.5,1
2024-11-15 00:11:52.619414,TRADE,5966.5,2
2024-11-15 00:11:52.775894,TRADE,5966.75,1
2024-11-15 00:11:58.072975,TRADE,5966.75,10
2024-11-15 00:11:58.693083,TRADE,5967.0,1
2024-11-15 00:11:59.789210,TRADE,5966.75,1
2024-11-15 00:12:00.272849,TRADE,5966.75,1
2024-11-15 00:12:03.670224,TRADE,5966.75,7
2024-11-15 00:12:04.154981,TRADE,5966.5,1
2024-11-15 00:12:06.063437,TRADE,5966.75,6
2024-11-15 00:12:06.063722,TRADE,5966.75,3
2024-11-15 00:12:06.148828,TRADE,5966.75,3
2024-11-15 00:12:06.148828,TRADE,5967.0,12
2024-11-15 00:12:06.268758,TRADE,5966.75,3
2024-11-15 00:12:06.268832,TRADE,5966.75,1
2024-11-15 00:12:11.552940,TRADE,5966.75,1
2024-11-15 00:12:11.570698,TRADE,5967.0,12
2024-11-15 00:12:11.571105,TRADE,5967.0,3
2024-11-15 00:12:11.697171,TRADE,5966.75,1
2024-11-15 00:12:12.327997,TRADE,5966.75,1
2024-11-15 00:12:19.273145,TRADE,5966.75,1
2024-11-15 00:12:21.789459,TRADE,5966.75,1
2024-11-15 00:12:25.387851,TRADE,5967.0,4
2024-11-15 00:12:26.142781,TRADE,5967.25,1
2024-11-15 00:12:30.126547,TRADE,5967.0,1
2024-11-15 00:12:30.126787,TRADE,5967.0,1
2024-11-15 00:12:30.126884,TRADE,5967.0,2
2024-11-15 00:12:30.126918,TRADE,5967.0,1
2024-11-15 00:12:30.127323,TRADE,5967.0,1
2024-11-15 00:12:33.132776,TRADE,5966.75,2
2024-11-15 00:12:34.619772,TRADE,5966.5,1
2024-11-15 00:12:35.237010,TRADE,5966.75,1
2024-11-15 00:12:38.273347,TRADE,5966.5,1
2024-11-15 00:12:38.557327,TRADE,5966.5,5
2024-11-15 00:12:39.704238,TRADE,5966.5,1
2024-11-15 00:12:39.704487,TRADE,5966.5,1
2024-11-15 00:12:43.789538,TRADE,5966.5,1
2024-11-15 00:12:46.490652,TRADE,5966.75,2
2024-11-15 00:12:46.490750,TRADE,5966.75,3
2024-11-15 00:12:46.490784,TRADE,5966.75,1
2024-11-15 00:12:46.490843,TRADE,5966.75,2
2024-11-15 00:12:47.085943,TRADE,5966.75,2
2024-11-15 00:12:47.085982,TRADE,5966.75,2
2024-11-15 00:12:54.899971,TRADE,5966.75,1
2024-11-15 00:12:57.273520,TRADE,5966.5,1
2024-11-15 00:13:01.273279,TRADE,5966.75,3
2024-11-15 00:13:02.430984,TRADE,5967.0,4
2024-11-15 00:13:03.282366,TRADE,5967.0,1
2024-11-15 00:13:03.282551,TRADE,5967.0,4
2024-11-15 00:13:03.282589,TRADE,5967.0,1
2024-11-15 00:13:03.283204,TRADE,5967.0,1
2024-11-15 00:13:04.124044,TRADE,5967.0,1
2024-11-15 00:13:05.453378,TRADE,5967.0,1
2024-11-15 00:13:05.789680,TRADE,5966.75,1
2024-11-15 00:13:07.378513,TRADE,5966.75,1
2024-11-15 00:13:11.427292,TRADE,5966.75,5
2024-11-15 00:13:11.427806,TRADE,5966.75,1
2024-11-15 00:13:12.499462,TRADE,5966.75,1
2024-11-15 00:13:12.499541,TRADE,5966.75,2
2024-11-15 00:13:13.586262,TRADE,5967.0,1
2024-11-15 00:13:14.228955,TRADE,5966.75,3
2024-11-15 00:13:14.229190,TRADE,5966.75,2
2024-11-15 00:13:15.730108,TRADE,5966.75,2
2024-11-15 00:13:16.273745,TRADE,5966.5,1
2024-11-15 00:13:16.623235,TRADE,5966.5,2
2024-11-15 00:13:27.789904,TRADE,5966.5,1
2024-11-15 00:13:30.625824,TRADE,5966.75,10
2024-11-15 00:13:31.938000,TRADE,5966.75,1
2024-11-15 00:13:31.938408,TRADE,5966.75,1
2024-11-15 00:13:31.939438,TRADE,5966.75,1
2024-11-15 00:13:31.939551,TRADE,5966.75,1
2024-11-15 00:13:35.273936,TRADE,5966.5,1
2024-11-15 00:13:37.779874,TRADE,5966.5,11
2024-11-15 00:13:37.779874,TRADE,5966.25,4
2024-11-15 00:13:37.780766,TRADE,5966.5,1
2024-11-15 00:13:37.925877,TRADE,5966.5,1
2024-11-15 00:13:41.118967,TRADE,5966.5,2
2024-11-15 00:13:49.790174,TRADE,5966.5,2
2024-11-15 00:13:54.274073,TRADE,5966.5,1
2024-11-15 00:13:58.623488,TRADE,5966.5,2
2024-11-15 00:14:00.505478,TRADE,5966.5,1
2024-11-15 00:14:00.505579,TRADE,5966.5,3
2024-11-15 00:14:00.713908,TRADE,5966.5,1
2024-11-15 00:14:04.290885,TRADE,5966.5,1
2024-11-15 00:14:09.343162,TRADE,5966.5,1
2024-11-15 00:14:11.790234,TRADE,5966.25,1
2024-11-15 00:14:13.274291,TRADE,5966.25,1
2024-11-15 00:14:17.741597,TRADE,5966.5,3
2024-11-15 00:14:17.741633,TRADE,5966.5,2
2024-11-15 00:14:17.741688,TRADE,5966.5,2
2024-11-15 00:14:17.741841,TRADE,5966.5,2
2024-11-15 00:14:17.741902,TRADE,5966.5,1
2024-11-15 00:14:26.994982,TRADE,5966.5,1
2024-11-15 00:14:26.995244,TRADE,5966.5,2
2024-11-15 00:14:26.995693,TRADE,5966.5,1
2024-11-15 00:14:26.995879,TRADE,5966.5,1
2024-11-15 00:14:32.274503,TRADE,5966.5,1
2024-11-15 00:14:33.790321,TRADE,5966.5,1
2024-11-15 00:14:40.226751,TRADE,5966.5,3
2024-11-15 00:14:40.227128,TRADE,5966.5,2
2024-11-15 00:14:40.227344,TRADE,5966.5,1
2024-11-15 00:14:40.227381,TRADE,5966.5,1
2024-11-15 00:14:40.627036,TRADE,5966.5,2
2024-11-15 00:14:40.627036,TRADE,5966.25,1
2024-11-15 00:14:40.628439,TRADE,5966.5,1
2024-11-15 00:14:40.628825,TRADE,5966.5,3
2024-11-15 00:14:40.674282,TRADE,5966.5,1
2024-11-15 00:14:40.674498,TRADE,5966.5,1
2024-11-15 00:14:43.413812,TRADE,5966.5,3
2024-11-15 00:14:51.100516,TRADE,5966.5,3
2024-11-15 00:14:51.274808,TRADE,5966.25,1
2024-11-15 00:14:55.790456,TRADE,5966.5,1
2024-11-15 00:15:02.024187,TRADE,5966.75,10
2024-11-15 00:15:02.092343,TRADE,5967.0,1
2024-11-15 00:15:02.822808,TRADE,5966.75,1
2024-11-15 00:15:02.822910,TRADE,5966.75,2
2024-11-15 00:15:02.823012,TRADE,5966.75,1
2024-11-15 00:15:02.823116,TRADE,5966.75,2
2024-11-15 00:15:02.824223,TRADE,5966.75,1
2024-11-15 00:15:04.622980,TRADE,5967.0,11
2024-11-15 00:15:04.854999,TRADE,5967.25,1
2024-11-15 00:15:04.914172,TRADE,5967.0,1
2024-11-15 00:15:05.713585,TRADE,5967.25,3
2024-11-15 00:15:05.713628,TRADE,5967.25,2
2024-11-15 00:15:05.713894,TRADE,5967.25,3
2024-11-15 00:15:05.714238,TRADE,5967.25,2
2024-11-15 00:15:05.714648,TRADE,5967.25,1
2024-11-15 00:15:06.053828,TRADE,5967.25,1
2024-11-15 00:15:07.939034,TRADE,5967.25,1
2024-11-15 00:15:08.624033,TRADE,5967.25,1
2024-11-15 00:15:08.909525,TRADE,5967.5,1
2024-11-15 00:15:09.551144,TRADE,5967.25,1
2024-11-15 00:15:10.274955,TRADE,5967.25,1
2024-11-15 00:15:10.275732,TRADE,5967.25,1
2024-11-15 00:15:11.866204,TRADE,5967.5,3
2024-11-15 00:15:11.866326,TRADE,5967.5,1
2024-11-15 00:15:11.866455,TRADE,5967.5,3
2024-11-15 00:15:12.723663,TRADE,5967.5,1
2024-11-15 00:15:12.724003,TRADE,5967.5,2
2024-11-15 00:15:12.724196,TRADE,5967.5,1
2024-11-15 00:15:12.724971,TRADE,5967.5,1
2024-11-15 00:15:13.842217,TRADE,5967.25,6
2024-11-15 00:15:13.842667,TRADE,5967.25,1
2024-11-15 00:15:13.842863,TRADE,5967.25,1
2024-11-15 00:15:15.885352,TRADE,5967.5,4
2024-11-15 00:15:15.885738,TRADE,5967.5,1
2024-11-15 00:15:15.886032,TRADE,5967.5,1
2024-11-15 00:15:15.886239,TRADE,5967.5,1
2024-11-15 00:15:17.756746,TRADE,5967.75,1
2024-11-15 00:15:17.784328,TRADE,5967.75,10
2024-11-15 00:15:17.790558,TRADE,5967.75,1
2024-11-15 00:15:17.793013,TRADE,5967.75,1
2024-11-15 00:15:17.793394,TRADE,5967.75,1
2024-11-15 00:15:18.045049,TRADE,5968.0,4
2024-11-15 00:15:18.045063,TRADE,5968.0,1
2024-11-15 00:15:18.045063,TRADE,5968.0,1
2024-11-15 00:15:18.046120,TRADE,5967.75,1
2024-11-15 00:15:18.046375,TRADE,5967.75,2
2024-11-15 00:15:18.046569,TRADE,5967.75,1
2024-11-15 00:15:18.117142,TRADE,5967.75,1
2024-11-15 00:15:18.711424,TRADE,5967.75,4
2024-11-15 00:15:18.711424,TRADE,5968.0,6
2024-11-15 00:15:18.711918,TRADE,5967.75,1
2024-11-15 00:15:18.712007,TRADE,5967.75,2
2024-11-15 00:15:18.712439,TRADE,5967.75,1
2024-11-15 00:15:18.712815,TRADE,5967.75,1
2024-11-15 00:15:18.712849,TRADE,5967.75,1
2024-11-15 00:15:19.489824,TRADE,5967.75,3
2024-11-15 00:15:21.180516,TRADE,5967.75,3
2024-11-15 00:15:21.180837,TRADE,5967.75,1
2024-11-15 00:15:21.180901,TRADE,5967.75,1
2024-11-15 00:15:21.181016,TRADE,5967.75,1
2024-11-15 00:15:21.308259,TRADE,5967.75,1
2024-11-15 00:15:21.308562,TRADE,5967.75,1
2024-11-15 00:15:21.461384,TRADE,5967.75,3
2024-11-15 00:15:21.461584,TRADE,5967.75,1
2024-11-15 00:15:21.461866,TRADE,5967.75,1
2024-11-15 00:15:21.472800,TRADE,5967.75,1
2024-11-15 00:15:21.706846,TRADE,5967.5,1
2024-11-15 00:15:21.736656,TRADE,5967.75,1
2024-11-15 00:15:21.816947,TRADE,5968.0,1
2024-11-15 00:15:22.624273,TRADE,5967.75,2
2024-11-15 00:15:22.624524,TRADE,5967.75,1
2024-11-15 00:15:22.856454,TRADE,5967.75,2
2024-11-15 00:15:27.578579,TRADE,5967.75,5
2024-11-15 00:15:28.240785,TRADE,5968.0,5
2024-11-15 00:15:29.275250,TRADE,5967.75,1
2024-11-15 00:15:29.478666,TRADE,5967.75,3
2024-11-15 00:15:29.478733,TRADE,5967.75,1
2024-11-15 00:15:29.478733,TRADE,5967.75,1
2024-11-15 00:15:29.861825,TRADE,5967.5,1
2024-11-15 00:15:30.866684,TRADE,5967.5,1
2024-11-15 00:15:30.866924,TRADE,5967.5,1
2024-11-15 00:15:34.715599,TRADE,5967.5,1
2024-11-15 00:15:34.715768,TRADE,5967.5,1
2024-11-15 00:15:36.002415,TRADE,5967.5,7
2024-11-15 00:15:36.002450,TRADE,5967.5,3
2024-11-15 00:15:36.002477,TRADE,5967.5,2
2024-11-15 00:15:36.002507,TRADE,5967.5,2
2024-11-15 00:15:36.002619,TRADE,5967.5,5
2024-11-15 00:15:36.003137,TRADE,5967.5,1
2024-11-15 00:15:36.003366,TRADE,5967.5,2
2024-11-15 00:15:36.003909,TRADE,5967.5,1
2024-11-15 00:15:36.348706,TRADE,5967.5,1
2024-11-15 00:15:39.100067,TRADE,5967.75,1
2024-11-15 00:15:39.790689,TRADE,5967.5,1
2024-11-15 00:15:41.700348,TRADE,5967.75,4
2024-11-15 00:15:43.702020,TRADE,5967.5,1
2024-11-15 00:15:43.702322,TRADE,5967.5,4
2024-11-15 00:15:43.702542,TRADE,5967.5,1
2024-11-15 00:15:44.974416,TRADE,5967.5,2
2024-11-15 00:15:44.974788,TRADE,5967.5,2
2024-11-15 00:15:48.275912,TRADE,5967.25,1
2024-11-15 00:15:51.848323,TRADE,5967.25,1
2024-11-15 00:15:52.366675,TRADE,5967.25,1
2024-11-15 00:15:52.503334,TRADE,5967.5,1
2024-11-15 00:15:52.503357,TRADE,5967.5,2
2024-11-15 00:15:52.503592,TRADE,5967.5,4
2024-11-15 00:15:52.503975,TRADE,5967.5,1
2024-11-15 00:15:52.504045,TRADE,5967.5,1
2024-11-15 00:15:52.563596,TRADE,5967.5,2
2024-11-15 00:15:52.563734,TRADE,5967.5,1
2024-11-15 00:15:52.563817,TRADE,5967.5,1
2024-11-15 00:15:52.564070,TRADE,5967.5,1
2024-11-15 00:15:55.868332,TRADE,5967.5,1
2024-11-15 00:15:56.604949,TRADE,5967.75,3
2024-11-15 00:15:56.605105,TRADE,5967.75,1
2024-11-15 00:15:56.605214,TRADE,5967.75,1
2024-11-15 00:15:56.606338,TRADE,5967.75,2
2024-11-15 00:15:58.939251,TRADE,5967.75,3
2024-11-15 00:15:58.939308,TRADE,5967.75,3
2024-11-15 00:15:58.939336,TRADE,5967.75,1
2024-11-15 00:15:58.939609,TRADE,5967.75,1
2024-11-15 00:15:58.939809,TRADE,5967.75,1
2024-11-15 00:15:58.939863,TRADE,5967.75,2
2024-11-15 00:16:00.037213,TRADE,5967.5,1
2024-11-15 00:16:00.037265,TRADE,5967.5,1
2024-11-15 00:16:00.037384,TRADE,5967.5,4
2024-11-15 00:16:00.275724,TRADE,5967.25,1
2024-11-15 00:16:01.422050,TRADE,5967.25,17
2024-11-15 00:16:01.422757,TRADE,5967.25,1
2024-11-15 00:16:01.660988,TRADE,5967.25,2
2024-11-15 00:16:01.661201,TRADE,5967.25,1
2024-11-15 00:16:01.661244,TRADE,5967.25,1
2024-11-15 00:16:01.661288,TRADE,5967.25,1
2024-11-15 00:16:01.790892,TRADE,5967.0,1
2024-11-15 00:16:01.790905,TRADE,5967.0,1
2024-11-15 00:16:03.048142,TRADE,5967.25,1
2024-11-15 00:16:03.048407,TRADE,5967.25,3
2024-11-15 00:16:04.624550,TRADE,5967.0,3
2024-11-15 00:16:04.649483,TRADE,5967.25,1
2024-11-15 00:16:05.467409,TRADE,5967.25,3
2024-11-15 00:16:05.467658,TRADE,5967.25,1
2024-11-15 00:16:06.086538,TRADE,5967.25,1
2024-11-15 00:16:06.086568,TRADE,5967.25,1
2024-11-15 00:16:07.275684,TRADE,5967.0,1
2024-11-15 00:16:10.393649,TRADE,5967.25,10
2024-11-15 00:16:10.394596,TRADE,5967.25,1
2024-11-15 00:16:10.394769,TRADE,5967.25,1
2024-11-15 00:16:10.394874,TRADE,5967.25,1
2024-11-15 00:16:10.833407,TRADE,5967.0,1
2024-11-15 00:16:10.833447,TRADE,5967.0,2
2024-11-15 00:16:10.833934,TRADE,5967.0,2
2024-11-15 00:16:13.883439,TRADE,5967.0,1
2024-11-15 00:16:14.396845,TRADE,5967.0,1
2024-11-15 00:16:14.397249,TRADE,5967.0,1
2024-11-15 00:16:16.244284,TRADE,5967.0,2
2024-11-15 00:16:18.004186,TRADE,5967.0,1
2024-11-15 00:16:18.004530,TRADE,5967.0,1
2024-11-15 00:16:18.004760,TRADE,5967.0,1
2024-11-15 00:16:22.017163,TRADE,5967.0,4
2024-11-15 00:16:22.018224,TRADE,5967.0,1
2024-11-15 00:16:23.790994,TRADE,5966.75,1
2024-11-15 00:16:26.056940,TRADE,5966.75,1
2024-11-15 00:16:26.275795,TRADE,5966.75,1
2024-11-15 00:16:26.276219,TRADE,5966.75,1
2024-11-15 00:16:26.579622,TRADE,5966.75,1
2024-11-15 00:16:28.547849,TRADE,5967.0,1
2024-11-15 00:16:28.548038,TRADE,5967.0,1
2024-11-15 00:16:35.854276,TRADE,5967.0,2
2024-11-15 00:16:35.900624,TRADE,5967.0,1
2024-11-15 00:16:35.901579,TRADE,5967.0,2
2024-11-15 00:16:43.494178,TRADE,5967.25,1
2024-11-15 00:16:43.494327,TRADE,5967.25,1
2024-11-15 00:16:43.494456,TRADE,5967.25,5
2024-11-15 00:16:43.494885,TRADE,5967.25,1
2024-11-15 00:16:45.000839,TRADE,5967.0,1
2024-11-15 00:16:45.276449,TRADE,5967.0,1
2024-11-15 00:16:45.791150,TRADE,5967.0,1
2024-11-15 00:16:46.624664,TRADE,5967.0,1
2024-11-15 00:16:49.033798,TRADE,5967.0,1
2024-11-15 00:16:49.034352,TRADE,5967.0,2
2024-11-15 00:16:53.110939,TRADE,5967.0,1
2024-11-15 00:16:57.294596,TRADE,5967.0,1
2024-11-15 00:16:57.294793,TRADE,5967.0,1
2024-11-15 00:16:57.863163,TRADE,5967.0,1
2024-11-15 00:16:57.863194,TRADE,5967.0,1
2024-11-15 00:16:57.863342,TRADE,5967.0,1
2024-11-15 00:17:00.372005,TRADE,5967.25,2
2024-11-15 00:17:04.276519,TRADE,5967.0,1
2024-11-15 00:17:07.791402,TRADE,5967.0,1
2024-11-15 00:17:08.154769,TRADE,5967.25,2
2024-11-15 00:17:16.361842,TRADE,5967.25,2
2024-11-15 00:17:16.361901,TRADE,5967.25,2
2024-11-15 00:17:16.361925,TRADE,5967.25,1
2024-11-15 00:17:16.361985,TRADE,5967.25,1
2024-11-15 00:17:16.362690,TRADE,5967.25,1
2024-11-15 00:17:16.363203,TRADE,5967.25,2
2024-11-15 00:17:22.730742,TRADE,5967.0,1
2024-11-15 00:17:23.276739,TRADE,5967.0,1
2024-11-15 00:17:24.247633,TRADE,5967.0,6
2024-11-15 00:17:26.485079,TRADE,5967.0,1
2024-11-15 00:17:26.992085,TRADE,5967.0,2
2024-11-15 00:17:28.624969,TRADE,5967.0,2
2024-11-15 00:17:28.624969,TRADE,5966.75,1
2024-11-15 00:17:28.625321,TRADE,5967.0,1
2024-11-15 00:17:28.625434,TRADE,5967.0,1
2024-11-15 00:17:28.707001,TRADE,5967.0,1
2024-11-15 00:17:29.791714,TRADE,5967.0,1
2024-11-15 00:17:29.791916,TRADE,5967.0,1
2024-11-15 00:17:29.792786,TRADE,5967.0,1
2024-11-15 00:17:29.793629,TRADE,5967.0,1
2024-11-15 00:17:29.794576,TRADE,5967.0,1
2024-11-15 00:17:29.794754,TRADE,5967.0,1
2024-11-15 00:17:30.004799,TRADE,5967.0,3
2024-11-15 00:17:30.005127,TRADE,5967.0,1
2024-11-15 00:17:32.649309,TRADE,5966.75,1
2024-11-15 00:17:39.495395,TRADE,5966.75,1
2024-11-15 00:17:42.277044,TRADE,5966.75,1
2024-11-15 00:17:42.780008,TRADE,5966.75,9
2024-11-15 00:17:42.780171,TRADE,5966.75,2
2024-11-15 00:17:43.661809,TRADE,5966.75,1
2024-11-15 00:17:43.661971,TRADE,5966.75,1
2024-11-15 00:17:44.879390,TRADE,5966.75,3
2024-11-15 00:17:46.269423,TRADE,5966.75,1
2024-11-15 00:17:51.791729,TRADE,5966.5,1
2024-11-15 00:17:51.793124,TRADE,5966.5,1
2024-11-15 00:17:52.171787,TRADE,5966.5,1
2024-11-15 00:17:52.678836,TRADE,5966.5,5
2024-11-15 00:17:54.725480,TRADE,5966.5,1
2024-11-15 00:17:57.095776,TRADE,5966.5,1
2024-11-15 00:18:01.277153,TRADE,5966.5,1
2024-11-15 00:18:03.116927,TRADE,5966.5,2
2024-11-15 00:18:03.117147,TRADE,5966.5,3
2024-11-15 00:18:03.117572,TRADE,5966.5,2
2024-11-15 00:18:03.117609,TRADE,5966.5,1
2024-11-15 00:18:03.117833,TRADE,5966.5,1
2024-11-15 00:18:03.118167,TRADE,5966.5,1
2024-11-15 00:18:03.136708,TRADE,5966.5,1
2024-11-15 00:18:05.001559,TRADE,5966.5,5
2024-11-15 00:18:05.001798,TRADE,5966.5,1
2024-11-15 00:18:09.878684,TRADE,5966.5,1
2024-11-15 00:18:09.880900,TRADE,5966.75,1
2024-11-15 00:18:09.880928,TRADE,5966.75,1
2024-11-15 00:18:09.907468,TRADE,5966.75,1
2024-11-15 00:18:09.907505,TRADE,5966.75,1
2024-11-15 00:18:10.625115,TRADE,5966.5,3
2024-11-15 00:18:13.791787,TRADE,5966.25,1
2024-11-15 00:18:18.146394,TRADE,5966.5,1
2024-11-15 00:18:19.076460,TRADE,5966.25,1
2024-11-15 00:18:20.277355,TRADE,5966.25,1
2024-11-15 00:18:21.359673,TRADE,5966.5,1
2024-11-15 00:18:21.359858,TRADE,5966.5,1
2024-11-15 00:18:24.718299,TRADE,5966.5,2
2024-11-15 00:18:24.718562,TRADE,5966.5,4
2024-11-15 00:18:24.770257,TRADE,5966.5,1
2024-11-15 00:18:24.770417,TRADE,5966.5,1
2024-11-15 00:18:30.869368,TRADE,5966.5,1
2024-11-15 00:18:32.861771,TRADE,5966.5,1
2024-11-15 00:18:35.791905,TRADE,5966.5,2
2024-11-15 00:18:37.394462,TRADE,5966.5,2
2024-11-15 00:18:37.394668,TRADE,5966.5,2
2024-11-15 00:18:37.394719,TRADE,5966.5,6
2024-11-15 00:18:37.394923,TRADE,5966.5,1
2024-11-15 00:18:39.277682,TRADE,5966.5,1
2024-11-15 00:18:40.958632,TRADE,5966.5,2
2024-11-15 00:18:42.133752,TRADE,5966.5,1
2024-11-15 00:18:42.133935,TRADE,5966.5,4
2024-11-15 00:18:42.133990,TRADE,5966.5,7
2024-11-15 00:18:48.098462,TRADE,5966.5,1
2024-11-15 00:18:50.889471,TRADE,5966.5,10
2024-11-15 00:18:52.054832,TRADE,5966.75,2
2024-11-15 00:18:52.055263,TRADE,5966.75,7
2024-11-15 00:18:52.055813,TRADE,5966.75,2
2024-11-15 00:18:52.056040,TRADE,5966.75,3
2024-11-15 00:18:52.056103,TRADE,5966.75,1
2024-11-15 00:18:52.056137,TRADE,5966.75,1
2024-11-15 00:18:52.056320,TRADE,5966.75,1
2024-11-15 00:18:52.056490,TRADE,5966.75,1
2024-11-15 00:18:52.625281,TRADE,5966.75,1
2024-11-15 00:18:52.625281,TRADE,5966.5,1
2024-11-15 00:18:57.726283,TRADE,5966.75,5
2024-11-15 00:18:57.792021,TRADE,5966.5,1
2024-11-15 00:18:58.277829,TRADE,5966.5,1
2024-11-15 00:19:02.739955,TRADE,5966.75,1
2024-11-15 00:19:02.739972,TRADE,5966.75,1
2024-11-15 00:19:02.995488,TRADE,5966.75,1
2024-11-15 00:19:03.398514,TRADE,5966.75,7
2024-11-15 00:19:10.008342,TRADE,5967.0,1
2024-11-15 00:19:10.796775,TRADE,5967.0,1
2024-11-15 00:19:13.895290,TRADE,5967.0,3
2024-11-15 00:19:17.278107,TRADE,5967.0,1
2024-11-15 00:19:18.799052,TRADE,5967.0,8
2024-11-15 00:19:18.801491,TRADE,5967.0,1
2024-11-15 00:19:18.843056,TRADE,5967.0,10
2024-11-15 00:19:19.179740,TRADE,5967.0,1
2024-11-15 00:19:19.179952,TRADE,5967.0,1
2024-11-15 00:19:19.180018,TRADE,5967.0,2
2024-11-15 00:19:19.196003,TRADE,5967.0,2
2024-11-15 00:19:19.516491,TRADE,5966.75,1
2024-11-15 00:19:19.792210,TRADE,5966.75,1
2024-11-15 00:19:21.925989,TRADE,5967.0,12
2024-11-15 00:19:22.760694,TRADE,5967.25,9
2024-11-15 00:19:26.293698,TRADE,5967.25,8
2024-11-15 00:19:26.293698,TRADE,5967.0,2
2024-11-15 00:19:26.294752,TRADE,5967.25,1
2024-11-15 00:19:32.119421,TRADE,5967.25,8
2024-11-15 00:19:32.119750,TRADE,5967.25,2
2024-11-15 00:19:32.119977,TRADE,5967.25,1
2024-11-15 00:19:32.120234,TRADE,5967.25,1
2024-11-15 00:19:33.342387,TRADE,5967.25,1
2024-11-15 00:19:34.016295,TRADE,5967.25,1
2024-11-15 00:19:34.625424,TRADE,5967.0,1
2024-11-15 00:19:36.092105,TRADE,5967.25,3
2024-11-15 00:19:36.282174,TRADE,5967.25,1
2024-11-15 00:19:37.207969,TRADE,5967.25,2
2024-11-15 00:19:39.777604,TRADE,5967.25,9
2024-11-15 00:19:40.778557,TRADE,5967.25,1
2024-11-15 00:19:40.778628,TRADE,5967.25,5
2024-11-15 00:19:41.027469,TRADE,5967.25,2
2024-11-15 00:19:41.792407,TRADE,5967.0,2
2024-11-15 00:19:42.308989,TRADE,5967.25,1
2024-11-15 00:19:47.496875,TRADE,5967.25,1
2024-11-15 00:19:48.099186,TRADE,5967.25,5
2024-11-15 00:19:49.595505,TRADE,5967.25,6
2024-11-15 00:19:49.595859,TRADE,5967.25,1
2024-11-15 00:19:49.596036,TRADE,5967.25,1
2024-11-15 00:19:50.499636,TRADE,5967.25,1
2024-11-15 00:19:54.250680,TRADE,5967.25,2
2024-11-15 00:19:54.250984,TRADE,5967.25,2
2024-11-15 00:19:54.251370,TRADE,5967.25,1
2024-11-15 00:19:55.282721,TRADE,5967.0,1
2024-11-15 00:19:57.406845,TRADE,5967.0,1
2024-11-15 00:19:57.406979,TRADE,5967.0,8
2024-11-15 00:19:57.412039,TRADE,5967.0,1
2024-11-15 00:19:57.412229,TRADE,5967.0,1
2024-11-15 00:19:57.647184,TRADE,5967.0,1
2024-11-15 00:19:58.044459,TRADE,5967.0,2
2024-11-15 00:19:58.044899,TRADE,5967.0,1
2024-11-15 00:20:03.792560,TRADE,5967.0,1
2024-11-15 00:20:10.473739,TRADE,5967.0,3
2024-11-15 00:20:10.473769,TRADE,5967.0,1
2024-11-15 00:20:10.474240,TRADE,5967.0,6
2024-11-15 00:20:10.474461,TRADE,5967.0,1
2024-11-15 00:20:12.933399,TRADE,5967.0,1
2024-11-15 00:20:12.971596,TRADE,5967.0,1
2024-11-15 00:20:14.282837,TRADE,5966.75,1
2024-11-15 00:20:15.098830,TRADE,5967.0,5
2024-11-15 00:20:16.337550,TRADE,5967.0,6
2024-11-15 00:20:16.625619,TRADE,5967.0,3
2024-11-15 00:20:17.587743,TRADE,5967.25,17
2024-11-15 00:20:17.587771,TRADE,5967.25,1
2024-11-15 00:20:17.587850,TRADE,5967.25,2
2024-11-15 00:20:17.587951,TRADE,5967.25,1
2024-11-15 00:20:19.072455,TRADE,5967.25,3
2024-11-15 00:20:19.072491,TRADE,5967.25,3
2024-11-15 00:20:19.586692,TRADE,5967.25,1
2024-11-15 00:20:19.587187,TRADE,5967.25,2
2024-11-15 00:20:25.792913,TRADE,5967.0,1
2024-11-15 00:20:30.711331,TRADE,5967.0,7
2024-11-15 00:20:33.283035,TRADE,5967.0,1
2024-11-15 00:20:35.107002,TRADE,5967.0,6
2024-11-15 00:20:35.107242,TRADE,5967.0,2
2024-11-15 00:20:36.409546,TRADE,5967.0,1
2024-11-15 00:20:36.409741,TRADE,5967.0,1
2024-11-15 00:20:37.058489,TRADE,5967.0,1
2024-11-15 00:20:37.274838,TRADE,5967.0,5
2024-11-15 00:20:37.274838,TRADE,5967.25,5
2024-11-15 00:20:37.275344,TRADE,5967.0,1
2024-11-15 00:20:38.893346,TRADE,5967.25,5
2024-11-15 00:20:38.990927,TRADE,5967.0,2
2024-11-15 00:20:38.991132,TRADE,5967.0,1
2024-11-15 00:20:38.991444,TRADE,5967.0,1
2024-11-15 00:20:41.258802,TRADE,5967.0,1
2024-11-15 00:20:43.722907,TRADE,5967.25,2
2024-11-15 00:20:43.723073,TRADE,5967.25,2
2024-11-15 00:20:43.723130,TRADE,5967.25,1
2024-11-15 00:20:43.723674,TRADE,5967.25,2
2024-11-15 00:20:43.878427,TRADE,5967.5,1
2024-11-15 00:20:46.952476,TRADE,5967.0,1
2024-11-15 00:20:47.792834,TRADE,5967.0,1
2024-11-15 00:20:47.852261,TRADE,5967.25,1
2024-11-15 00:20:50.308095,TRADE,5967.0,5
2024-11-15 00:20:51.670661,TRADE,5967.0,1
2024-11-15 00:20:52.283233,TRADE,5966.75,1
2024-11-15 00:20:52.501225,TRADE,5966.75,1
2024-11-15 00:20:53.769031,TRADE,5967.0,1
2024-11-15 00:20:53.916834,TRADE,5967.0,4
2024-11-15 00:20:53.917033,TRADE,5967.0,1
2024-11-15 00:20:54.573924,TRADE,5967.0,4
2024-11-15 00:20:58.625875,TRADE,5966.75,3
2024-11-15 00:20:58.927667,TRADE,5967.0,1
2024-11-15 00:21:02.358214,TRADE,5966.75,7
2024-11-15 00:21:02.358390,TRADE,5966.75,3
2024-11-15 00:21:02.366760,TRADE,5966.75,7
2024-11-15 00:21:02.366760,TRADE,5967.0,13
2024-11-15 00:21:02.387003,TRADE,5966.75,3
2024-11-15 00:21:02.967121,TRADE,5966.5,1
2024-11-15 00:21:03.034519,TRADE,5966.5,16
2024-11-15 00:21:05.070385,TRADE,5966.25,10
2024-11-15 00:21:05.070400,TRADE,5966.0,1
2024-11-15 00:21:05.535295,TRADE,5966.0,2
2024-11-15 00:21:05.535352,TRADE,5966.0,7
2024-11-15 00:21:05.535407,TRADE,5966.0,3
2024-11-15 00:21:05.535455,TRADE,5966.0,2
2024-11-15 00:21:05.535511,TRADE,5966.0,2
2024-11-15 00:21:05.538173,TRADE,5966.0,6
2024-11-15 00:21:05.538407,TRADE,5966.0,1
2024-11-15 00:21:05.549274,TRADE,5966.0,1
2024-11-15 00:21:05.760988,TRADE,5966.0,1
2024-11-15 00:21:05.761287,TRADE,5966.0,1
2024-11-15 00:21:05.761696,TRADE,5966.0,4
2024-11-15 00:21:07.031817,TRADE,5965.75,20
2024-11-15 00:21:07.031833,TRADE,5965.5,1
2024-11-15 00:21:07.031833,TRADE,5965.5,5
2024-11-15 00:21:07.032712,TRADE,5965.75,4
2024-11-15 00:21:07.033168,TRADE,5965.75,8
2024-11-15 00:21:07.033385,TRADE,5965.75,1
2024-11-15 00:21:07.033605,TRADE,5965.75,1
2024-11-15 00:21:07.033929,TRADE,5965.75,1
2024-11-15 00:21:07.034246,TRADE,5965.75,1
2024-11-15 00:21:07.034528,TRADE,5965.75,1
2024-11-15 00:21:07.034847,TRADE,5965.75,1
2024-11-15 00:21:07.148445,TRADE,5965.5,5
2024-11-15 00:21:07.345363,TRADE,5965.75,17
2024-11-15 00:21:07.345363,TRADE,5966.0,3
2024-11-15 00:21:07.345874,TRADE,5965.75,1
2024-11-15 00:21:07.346074,TRADE,5965.75,1
2024-11-15 00:21:07.346101,TRADE,5965.75,1
2024-11-15 00:21:07.346383,TRADE,5965.75,3
2024-11-15 00:21:07.346419,TRADE,5965.75,1
2024-11-15 00:21:07.691789,TRADE,5965.5,1
2024-11-15 00:21:08.373265,TRADE,5965.5,3
2024-11-15 00:21:09.268075,TRADE,5965.75,3
2024-11-15 00:21:09.792945,TRADE,5965.5,1
2024-11-15 00:21:10.500682,TRADE,5965.75,2
2024-11-15 00:21:11.063657,TRADE,5965.5,2
2024-11-15 00:21:11.283406,TRADE,5965.5,1
2024-11-15 00:21:11.406480,TRADE,5965.75,5
2024-11-15 00:21:12.391392,TRADE,5965.75,10
2024-11-15 00:21:12.391865,TRADE,5965.75,3
2024-11-15 00:21:12.412325,TRADE,5965.75,2
2024-11-15 00:21:12.416880,TRADE,5965.75,2
2024-11-15 00:21:12.438827,TRADE,5965.75,1
2024-11-15 00:21:12.439006,TRADE,5965.75,1
2024-11-15 00:21:19.163494,TRADE,5965.75,1
2024-11-15 00:21:20.683998,TRADE,5966.0,1
2024-11-15 00:21:20.684244,TRADE,5966.0,1
2024-11-15 00:21:20.684471,TRADE,5966.0,1
2024-11-15 00:21:20.684737,TRADE,5966.0,6
2024-11-15 00:21:20.684801,TRADE,5966.0,1
2024-11-15 00:21:20.684905,TRADE,5966.0,1
2024-11-15 00:21:20.685246,TRADE,5966.0,1
2024-11-15 00:21:21.001502,TRADE,5966.25,8
2024-11-15 00:21:21.022001,TRADE,5966.25,1
2024-11-15 00:21:21.024505,TRADE,5966.5,1
2024-11-15 00:21:21.769782,TRADE,5966.5,1
2024-11-15 00:21:25.864145,TRADE,5966.25,3
2024-11-15 00:21:30.283723,TRADE,5966.25,1
2024-11-15 00:21:30.447177,TRADE,5966.25,3
2024-11-15 00:21:31.793091,TRADE,5966.25,1
2024-11-15 00:21:36.506204,TRADE,5966.25,6
2024-11-15 00:21:36.506345,TRADE,5966.25,1
2024-11-15 00:21:36.506409,TRADE,5966.25,1
2024-11-15 00:21:36.507079,TRADE,5966.25,1
2024-11-15 00:21:37.134035,TRADE,5966.25,2
2024-11-15 00:21:37.145023,TRADE,5966.25,1
2024-11-15 00:21:39.687021,TRADE,5966.0,6
2024-11-15 00:21:39.851349,TRADE,5966.0,1
2024-11-15 00:21:40.626104,TRADE,5965.75,2
2024-11-15 00:21:40.880704,TRADE,5965.75,1
2024-11-15 00:21:41.048558,TRADE,5965.75,1
2024-11-15 00:21:41.048594,TRADE,5965.75,2
2024-11-15 00:21:41.048687,TRADE,5965.75,2
2024-11-15 00:21:46.524789,TRADE,5965.5,1
2024-11-15 00:21:46.524813,TRADE,5965.5,1
2024-11-15 00:21:46.524877,TRADE,5965.5,2
2024-11-15 00:21:46.525050,TRADE,5965.5,6
2024-11-15 00:21:46.936710,TRADE,5965.25,24
2024-11-15 00:21:46.936726,TRADE,5965.25,2
2024-11-15 00:21:46.936726,TRADE,5965.25,3
2024-11-15 00:21:46.936980,TRADE,5965.25,20
2024-11-15 00:21:46.936980,TRADE,5965.25,1
2024-11-15 00:21:46.936980,TRADE,5965.25,2
2024-11-15 00:21:46.936980,TRADE,5965.25,7
2024-11-15 00:21:46.936980,TRADE,5965.25,1
2024-11-15 00:21:46.937204,TRADE,5965.25,1
2024-11-15 00:21:46.937204,TRADE,5965.25,3
2024-11-15 00:21:46.937204,TRADE,5965.25,1
2024-11-15 00:21:46.937204,TRADE,5965.25,1
2024-11-15 00:21:46.937204,TRADE,5965.25,7
2024-11-15 00:21:46.937204,TRADE,5965.25,1
2024-11-15 00:21:46.937251,TRADE,5965.25,1
2024-11-15 00:21:46.937347,TRADE,5965.25,1
2024-11-15 00:21:46.937347,TRADE,5965.25,1
2024-11-15 00:21:46.937491,TRADE,5965.25,1
2024-11-15 00:21:46.937680,TRADE,5965.25,1
2024-11-15 00:21:46.937692,TRADE,5965.25,1
2024-11-15 00:21:46.937819,TRADE,5965.25,1
2024-11-15 00:21:46.937819,TRADE,5965.5,2
2024-11-15 00:21:46.938098,TRADE,5965.5,8
2024-11-15 00:21:46.938098,TRADE,5965.5,1
2024-11-15 00:21:46.938245,TRADE,5965.5,1
2024-11-15 00:21:46.938561,TRADE,5965.5,1
2024-11-15 00:21:46.938637,TRADE,5965.5,1
2024-11-15 00:21:46.938847,TRADE,5965.5,1
2024-11-15 00:21:46.939274,TRADE,5965.5,4
2024-11-15 00:21:46.939548,TRADE,5965.5,1
2024-11-15 00:21:46.939602,TRADE,5965.5,1
2024-11-15 00:21:46.939677,TRADE,5965.5,2
2024-11-15 00:21:46.939816,TRADE,5965.5,1
2024-11-15 00:21:46.939931,TRADE,5965.5,1
2024-11-15 00:21:46.940163,TRADE,5965.5,1
2024-11-15 00:21:46.940539,TRADE,5965.5,1
2024-11-15 00:21:46.940721,TRADE,5965.5,1
2024-11-15 00:21:46.940853,TRADE,5965.5,1
2024-11-15 00:21:46.941077,TRADE,5965.5,2
2024-11-15 00:21:46.941166,TRADE,5965.5,1
2024-11-15 00:21:46.941232,TRADE,5965.5,1
2024-11-15 00:21:46.941439,TRADE,5965.5,1
2024-11-15 00:21:46.944622,TRADE,5965.5,5
2024-11-15 00:21:46.944815,TRADE,5965.5,1
2024-11-15 00:21:46.944863,TRADE,5965.5,1
2024-11-15 00:21:47.456654,TRADE,5965.25,2
2024-11-15 00:21:47.932565,TRADE,5965.5,1
2024-11-15 00:21:49.170153,TRADE,5965.5,11
2024-11-15 00:21:49.170792,TRADE,5965.5,1
2024-11-15 00:21:49.283882,TRADE,5965.25,1
2024-11-15 00:21:49.446134,TRADE,5965.25,3
2024-11-15 00:21:52.720497,TRADE,5965.25,1
2024-11-15 00:21:53.793261,TRADE,5965.25,1
2024-11-15 00:21:54.553842,TRADE,5965.25,1
2024-11-15 00:21:54.554033,TRADE,5965.25,16
2024-11-15 00:21:54.554134,TRADE,5965.25,17
2024-11-15 00:21:54.554134,TRADE,5965.25,10
2024-11-15 00:21:54.554937,TRADE,5965.0,35
2024-11-15 00:21:54.554992,TRADE,5964.75,4
2024-11-15 00:21:54.554999,TRADE,5964.75,1
2024-11-15 00:21:54.555009,TRADE,5964.75,1
2024-11-15 00:21:54.555009,TRADE,5964.75,1
2024-11-15 00:21:54.555093,TRADE,5964.75,1
2024-11-15 00:21:54.555215,TRADE,5965.0,3
2024-11-15 00:21:54.555215,TRADE,5965.25,1
2024-11-15 00:21:54.555454,TRADE,5965.0,1
2024-11-15 00:21:54.555714,TRADE,5965.0,11
2024-11-15 00:21:54.555753,TRADE,5965.0,7
2024-11-15 00:21:54.556141,TRADE,5964.75,2
2024-11-15 00:21:54.556265,TRADE,5964.75,3
2024-11-15 00:21:54.556265,TRADE,5964.75,2
2024-11-15 00:21:54.556334,TRADE,5964.75,3
2024-11-15 00:21:54.556471,TRADE,5964.75,1
2024-11-15 00:21:54.556471,TRADE,5964.75,1
2024-11-15 00:21:54.556471,TRADE,5964.75,2
2024-11-15 00:21:54.556775,TRADE,5965.0,1
2024-11-15 00:21:54.556775,TRADE,5965.0,1
2024-11-15 00:21:54.556908,TRADE,5965.0,1
2024-11-15 00:21:54.557063,TRADE,5965.0,1
2024-11-15 00:21:54.557063,TRADE,5965.0,2
2024-11-15 00:21:54.557181,TRADE,5964.75,1
2024-11-15 00:21:54.557251,TRADE,5964.75,1
2024-11-15 00:21:54.557251,TRADE,5964.75,1
2024-11-15 00:21:54.557409,TRADE,5964.75,2
2024-11-15 00:21:54.557409,TRADE,5964.75,1
2024-11-15 00:21:54.557672,TRADE,5964.75,1
2024-11-15 00:21:54.557722,TRADE,5964.75,1
2024-11-15 00:21:54.557877,TRADE,5964.75,1
2024-11-15 00:21:54.557972,TRADE,5964.75,1
2024-11-15 00:21:54.562058,TRADE,5964.75,1
2024-11-15 00:21:54.562267,TRADE,5964.75,1
2024-11-15 00:21:54.562361,TRADE,5964.75,3
2024-11-15 00:21:54.562361,TRADE,5964.75,1
2024-11-15 00:21:54.562502,TRADE,5964.75,1
2024-11-15 00:21:54.563561,TRADE,5964.75,1
2024-11-15 00:21:54.563734,TRADE,5964.75,1
2024-11-15 00:21:54.564533,TRADE,5964.75,1
2024-11-15 00:21:54.564533,TRADE,5964.5,3
2024-11-15 00:21:54.564549,TRADE,5964.5,1
2024-11-15 00:21:54.564549,TRADE,5964.5,1
2024-11-15 00:21:54.564549,TRADE,5964.5,1
2024-11-15 00:21:54.564549,TRADE,5964.5,1
2024-11-15 00:21:54.564549,TRADE,5964.5,1
2024-11-15 00:21:54.564549,TRADE,5964.5,6
2024-11-15 00:21:54.580076,TRADE,5964.75,1
2024-11-15 00:21:54.584005,TRADE,5964.5,1
2024-11-15 00:21:54.613769,TRADE,5964.5,1
2024-11-15 00:21:54.668626,TRADE,5964.75,6
2024-11-15 00:21:54.778333,TRADE,5964.75,1
2024-11-15 00:21:54.778518,TRADE,5964.75,1
2024-11-15 00:21:55.643120,TRADE,5964.75,6
2024-11-15 00:21:55.786643,TRADE,5964.5,3
2024-11-15 00:21:55.824491,TRADE,5964.5,2
2024-11-15 00:21:55.824661,TRADE,5964.5,1
2024-11-15 00:21:55.844637,TRADE,5964.5,5
2024-11-15 00:21:55.844910,TRADE,5964.5,1
2024-11-15 00:21:55.845100,TRADE,5964.5,1
2024-11-15 00:21:55.849752,TRADE,5964.5,4
2024-11-15 00:21:55.849988,TRADE,5964.5,1
2024-11-15 00:21:55.932630,TRADE,5964.5,3
2024-11-15 00:21:56.525413,TRADE,5964.25,20
2024-11-15 00:21:56.525444,TRADE,5964.25,2
2024-11-15 00:21:56.525444,TRADE,5964.0,1
2024-11-15 00:21:56.525444,TRADE,5964.0,1
2024-11-15 00:21:56.525444,TRADE,5964.0,1
2024-11-15 00:21:56.525444,TRADE,5964.0,2
2024-11-15 00:21:56.525444,TRADE,5964.0,1
2024-11-15 00:21:56.525444,TRADE,5964.0,1
2024-11-15 00:21:56.525444,TRADE,5964.0,1
2024-11-15 00:21:56.525444,TRADE,5964.0,1
2024-11-15 00:21:56.525533,TRADE,5964.0,1
2024-11-15 00:21:56.525542,TRADE,5964.0,2
2024-11-15 00:21:56.525550,TRADE,5964.0,23
2024-11-15 00:21:56.525550,TRADE,5963.75,25
2024-11-15 00:21:56.525550,TRADE,5963.75,1
2024-11-15 00:21:56.525559,TRADE,5963.75,5
2024-11-15 00:21:56.525559,TRADE,5963.75,1
2024-11-15 00:21:56.525569,TRADE,5963.75,1
2024-11-15 00:21:56.525569,TRADE,5963.75,2
2024-11-15 00:21:56.525577,TRADE,5963.75,1
2024-11-15 00:21:56.525577,TRADE,5963.75,2
2024-11-15 00:21:56.525585,TRADE,5963.75,1
2024-11-15 00:21:56.525585,TRADE,5963.75,1
2024-11-15 00:21:56.525593,TRADE,5963.75,1
2024-11-15 00:21:56.526103,TRADE,5963.75,1
2024-11-15 00:21:56.526115,TRADE,5963.75,1
2024-11-15 00:21:56.526115,TRADE,5963.75,1
2024-11-15 00:21:56.526122,TRADE,5963.75,1
2024-11-15 00:21:56.530861,TRADE,5964.0,1
2024-11-15 00:21:56.531063,TRADE,5964.0,1
2024-11-15 00:21:56.532114,TRADE,5964.0,1
2024-11-15 00:21:56.532175,TRADE,5964.0,1
2024-11-15 00:21:56.532314,TRADE,5964.0,2
2024-11-15 00:21:56.532390,TRADE,5964.0,1
2024-11-15 00:21:56.532734,TRADE,5964.0,2
2024-11-15 00:21:56.534456,TRADE,5964.0,1
2024-11-15 00:21:56.534534,TRADE,5964.0,4
2024-11-15 00:21:56.534741,TRADE,5964.0,1
2024-11-15 00:21:56.534827,TRADE,5964.0,1
2024-11-15 00:21:56.534827,TRADE,5964.0,1
2024-11-15 00:21:56.535145,TRADE,5964.0,2
2024-11-15 00:21:56.558015,TRADE,5963.75,1
2024-11-15 00:21:56.568498,TRADE,5963.75,1
2024-11-15 00:21:56.569215,TRADE,5963.75,1
2024-11-15 00:21:56.580945,TRADE,5963.75,2
2024-11-15 00:21:56.581134,TRADE,5963.75,1
2024-11-15 00:21:56.584520,TRADE,5963.75,29
2024-11-15 00:21:56.585424,TRADE,5963.75,1
2024-11-15 00:21:56.618613,TRADE,5963.75,14
2024-11-15 00:21:56.618772,TRADE,5963.75,1
2024-11-15 00:21:56.619070,TRADE,5963.75,2
2024-11-15 00:21:56.619310,TRADE,5963.75,1
2024-11-15 00:21:56.619427,TRADE,5963.75,1
2024-11-15 00:21:56.619587,TRADE,5963.75,2
2024-11-15 00:21:56.619647,TRADE,5963.75,2
2024-11-15 00:21:56.630169,TRADE,5963.5,2
2024-11-15 00:21:56.630183,TRADE,5963.5,1
2024-11-15 00:21:56.645767,TRADE,5963.5,1
2024-11-15 00:21:56.687489,TRADE,5963.5,1
2024-11-15 00:21:56.691929,TRADE,5963.5,1
2024-11-15 00:21:56.727003,TRADE,5963.75,6
2024-11-15 00:21:56.734302,TRADE,5964.0,1
2024-11-15 00:21:56.734505,TRADE,5964.0,4
2024-11-15 00:21:56.775344,TRADE,5964.0,5
2024-11-15 00:21:56.930399,TRADE,5964.25,15
2024-11-15 00:21:56.931064,TRADE,5964.25,1
2024-11-15 00:21:56.931413,TRADE,5964.25,8
2024-11-15 00:21:56.941496,TRADE,5964.25,1
2024-11-15 00:21:56.974907,TRADE,5964.25,4
2024-11-15 00:21:56.998025,TRADE,5964.25,1
2024-11-15 00:21:57.001082,TRADE,5964.25,1
2024-11-15 00:21:57.001376,TRADE,5964.25,1
2024-11-15 00:21:57.001601,TRADE,5964.25,3
2024-11-15 00:21:57.300802,TRADE,5964.25,1
2024-11-15 00:21:57.305994,TRADE,5964.25,8
2024-11-15 00:21:57.306380,TRADE,5964.25,1
2024-11-15 00:21:57.307446,TRADE,5964.25,3
2024-11-15 00:21:57.499813,TRADE,5964.25,3
2024-11-15 00:21:57.864997,TRADE,5964.25,1
2024-11-15 00:21:58.406678,TRADE,5964.25,3
2024-11-15 00:21:58.407027,TRADE,5964.25,1
2024-11-15 00:21:59.157583,TRADE,5964.25,1
2024-11-15 00:21:59.316917,TRADE,5964.5,1
2024-11-15 00:21:59.358821,TRADE,5964.25,3
2024-11-15 00:22:00.725581,TRADE,5964.5,18
2024-11-15 00:22:00.726306,TRADE,5964.5,9
2024-11-15 00:22:00.726520,TRADE,5964.5,1
2024-11-15 00:22:00.726626,TRADE,5964.5,1
2024-11-15 00:22:00.726626,TRADE,5964.5,1
2024-11-15 00:22:00.726626,TRADE,5964.5,1
2024-11-15 00:22:00.750952,TRADE,5964.5,2
2024-11-15 00:22:00.772018,TRADE,5964.5,2
2024-11-15 00:22:00.792953,TRADE,5964.5,2
2024-11-15 00:22:00.814337,TRADE,5964.5,2
2024-11-15 00:22:00.835662,TRADE,5964.5,2
2024-11-15 00:22:00.857137,TRADE,5964.5,2
2024-11-15 00:22:00.878517,TRADE,5964.5,2
2024-11-15 00:22:00.899367,TRADE,5964.5,1
2024-11-15 00:22:01.000013,TRADE,5964.75,1
2024-11-15 00:22:01.000187,TRADE,5964.75,8
2024-11-15 00:22:01.014511,TRADE,5965.0,1
2024-11-15 00:22:01.014522,TRADE,5965.0,1
2024-11-15 00:22:01.014522,TRADE,5965.0,1
2024-11-15 00:22:01.020705,TRADE,5965.0,1
2024-11-15 00:22:01.020836,TRADE,5965.0,3
2024-11-15 00:22:01.020836,TRADE,5965.0,2
2024-11-15 00:22:01.020890,TRADE,5965.0,3
2024-11-15 00:22:01.020942,TRADE,5965.0,2
2024-11-15 00:22:01.045098,TRADE,5965.0,1
2024-11-15 00:22:01.456445,TRADE,5965.0,2
2024-11-15 00:22:01.848995,TRADE,5965.0,2
2024-11-15 00:22:01.903293,TRADE,5965.0,1
2024-11-15 00:22:01.903528,TRADE,5965.0,3
2024-11-15 00:22:03.124492,TRADE,5965.25,4
2024-11-15 00:22:03.124666,TRADE,5965.25,1
2024-11-15 00:22:04.301450,TRADE,5965.5,16
2024-11-15 00:22:04.521728,TRADE,5965.75,11
2024-11-15 00:22:04.550561,TRADE,5965.75,3
2024-11-15 00:22:04.550615,TRADE,5965.75,2
2024-11-15 00:22:04.551055,TRADE,5965.75,1
2024-11-15 00:22:05.826633,TRADE,5965.75,1
2024-11-15 00:22:07.678788,TRADE,5965.75,1
2024-11-15 00:22:07.717633,TRADE,5965.5,1
2024-11-15 00:22:08.284104,TRADE,5965.5,1
2024-11-15 00:22:08.368888,TRADE,5965.5,1
2024-11-15 00:22:08.369098,TRADE,5965.5,1
2024-11-15 00:22:08.369291,TRADE,5965.5,1
2024-11-15 00:22:09.626350,TRADE,5965.75,1
2024-11-15 00:22:10.260396,TRADE,5965.5,5
2024-11-15 00:22:14.414702,TRADE,5965.5,1
2024-11-15 00:22:15.793436,TRADE,5965.25,1
2024-11-15 00:22:18.228998,TRADE,5965.5,14
2024-11-15 00:22:18.228998,TRADE,5965.75,27
2024-11-15 00:22:18.229904,TRADE,5965.75,9
2024-11-15 00:22:18.230268,TRADE,5965.75,2
2024-11-15 00:22:18.230321,TRADE,5965.75,1
2024-11-15 00:22:18.230484,TRADE,5965.75,1
2024-11-15 00:22:18.230697,TRADE,5965.75,1
2024-11-15 00:22:18.231947,TRADE,5965.75,1
2024-11-15 00:22:18.233050,TRADE,5965.75,1
2024-11-15 00:22:21.919748,TRADE,5965.5,2
2024-11-15 00:22:22.352867,TRADE,5965.5,5
2024-11-15 00:22:22.626209,TRADE,5965.5,1
2024-11-15 00:22:24.651586,TRADE,5965.5,1
2024-11-15 00:22:27.284235,TRADE,5965.5,1
2024-11-15 00:22:29.139859,TRADE,5965.5,2
2024-11-15 00:22:30.118046,TRADE,5965.75,4
2024-11-15 00:22:32.944114,TRADE,5965.75,1
2024-11-15 00:22:34.278960,TRADE,5965.5,1
2024-11-15 00:22:37.555844,TRADE,5965.5,1
2024-11-15 00:22:37.793577,TRADE,5965.5,1
2024-11-15 00:22:42.308566,TRADE,5965.5,2
2024-11-15 00:22:42.751000,TRADE,5965.5,1
2024-11-15 00:22:46.020106,TRADE,5965.5,1
2024-11-15 00:22:46.020342,TRADE,5965.5,1
2024-11-15 00:22:46.285699,TRADE,5965.5,1
2024-11-15 00:22:47.086447,TRADE,5965.75,11
2024-11-15 00:22:48.028365,TRADE,5966.0,7
2024-11-15 00:22:48.091727,TRADE,5966.25,1
2024-11-15 00:22:48.091771,TRADE,5966.25,1
2024-11-15 00:22:48.092052,TRADE,5966.25,1
2024-11-15 00:22:48.505393,TRADE,5966.25,1
2024-11-15 00:22:48.541435,TRADE,5966.25,1
2024-11-15 00:22:48.818519,TRADE,5966.25,2
2024-11-15 00:22:48.818562,TRADE,5966.25,1
2024-11-15 00:22:49.337918,TRADE,5966.0,3
2024-11-15 00:22:49.337963,TRADE,5966.0,1
2024-11-15 00:22:53.952327,TRADE,5965.75,2
2024-11-15 00:22:53.952484,TRADE,5965.75,1
2024-11-15 00:22:53.952584,TRADE,5965.75,3
2024-11-15 00:22:53.954001,TRADE,5965.75,1
2024-11-15 00:22:54.418642,TRADE,5965.75,1
2024-11-15 00:22:56.018563,TRADE,5965.75,2
2024-11-15 00:22:56.673125,TRADE,5965.75,1
2024-11-15 00:22:59.793734,TRADE,5965.5,1
2024-11-15 00:23:01.988244,TRADE,5965.75,1
2024-11-15 00:23:03.867290,TRADE,5965.5,3
2024-11-15 00:23:04.626445,TRADE,5965.5,2
2024-11-15 00:23:05.285874,TRADE,5965.5,1
2024-11-15 00:23:09.714852,TRADE,5965.75,6
2024-11-15 00:23:09.715360,TRADE,5965.75,1
2024-11-15 00:23:10.606377,TRADE,5965.5,1
2024-11-15 00:23:12.858591,TRADE,5965.5,1
2024-11-15 00:23:12.859160,TRADE,5965.5,4
2024-11-15 00:23:14.037032,TRADE,5965.25,1
2024-11-15 00:23:15.144302,TRADE,5965.5,1
2024-11-15 00:23:18.701446,TRADE,5965.25,1
2024-11-15 00:23:20.505923,TRADE,5965.25,5
2024-11-15 00:23:20.506189,TRADE,5965.25,1
2024-11-15 00:23:21.793884,TRADE,5965.25,1
2024-11-15 00:23:21.794118,TRADE,5965.25,1
2024-11-15 00:23:23.121109,TRADE,5965.25,1
2024-11-15 00:23:23.121296,TRADE,5965.25,3
2024-11-15 00:23:23.121686,TRADE,5965.25,3
2024-11-15 00:23:23.122057,TRADE,5965.25,1
2024-11-15 00:23:24.286331,TRADE,5965.0,1
2024-11-15 00:23:25.707599,TRADE,5965.0,1
2024-11-15 00:23:26.743770,TRADE,5965.25,1
2024-11-15 00:23:29.211272,TRADE,5965.25,1
2024-11-15 00:23:29.211366,TRADE,5965.25,3
2024-11-15 00:23:29.211366,TRADE,5965.25,1
2024-11-15 00:23:32.204446,TRADE,5965.25,2
2024-11-15 00:23:32.204645,TRADE,5965.25,1
2024-11-15 00:23:36.309879,TRADE,5965.5,2
2024-11-15 00:23:37.696337,TRADE,5965.25,1
2024-11-15 00:23:43.286573,TRADE,5965.25,1
2024-11-15 00:23:43.794004,TRADE,5965.25,1
2024-11-15 00:23:46.626706,TRADE,5965.0,2
2024-11-15 00:23:48.512725,TRADE,5965.25,1
2024-11-15 00:23:51.821657,TRADE,5965.0,6
2024-11-15 00:23:51.821698,TRADE,5965.0,3
2024-11-15 00:23:51.821787,TRADE,5965.0,1
2024-11-15 00:23:51.821787,TRADE,5965.0,2
2024-11-15 00:23:51.821896,TRADE,5965.0,1
2024-11-15 00:23:51.821896,TRADE,5965.0,1
2024-11-15 00:23:51.821896,TRADE,5965.0,1
2024-11-15 00:23:51.821997,TRADE,5965.0,11
2024-11-15 00:23:51.821997,TRADE,5965.0,1
2024-11-15 00:23:51.822148,TRADE,5965.0,1
2024-11-15 00:23:51.822148,TRADE,5965.0,10
2024-11-15 00:23:51.822148,TRADE,5965.0,1
2024-11-15 00:23:51.822237,TRADE,5965.0,2
2024-11-15 00:23:51.822237,TRADE,5965.0,6
2024-11-15 00:23:51.822316,TRADE,5965.0,7
2024-11-15 00:23:51.822532,TRADE,5965.0,1
2024-11-15 00:23:51.822686,TRADE,5965.25,3
2024-11-15 00:23:51.822744,TRADE,5965.25,5
2024-11-15 00:23:51.822786,TRADE,5965.25,3
2024-11-15 00:23:51.822911,TRADE,5965.25,1
2024-11-15 00:23:51.822911,TRADE,5965.0,1
2024-11-15 00:23:51.823393,TRADE,5965.25,1
2024-11-15 00:23:51.823571,TRADE,5965.25,1
2024-11-15 00:23:51.823571,TRADE,5965.25,1
2024-11-15 00:23:51.823723,TRADE,5965.25,1
2024-11-15 00:23:51.823723,TRADE,5965.25,1
2024-11-15 00:23:51.823908,TRADE,5965.5,5
2024-11-15 00:23:51.823908,TRADE,5965.5,1
2024-11-15 00:23:51.824070,TRADE,5965.5,2
2024-11-15 00:23:51.824396,TRADE,5965.5,1
2024-11-15 00:23:51.834699,TRADE,5965.5,4
2024-11-15 00:23:51.834699,TRADE,5965.25,9
2024-11-15 00:23:51.908715,TRADE,5965.5,7
2024-11-15 00:23:51.942575,TRADE,5965.75,3
2024-11-15 00:23:51.943087,TRADE,5965.75,1
2024-11-15 00:23:51.943221,TRADE,5965.75,1
2024-11-15 00:23:51.943259,TRADE,5965.75,1
2024-11-15 00:23:51.943492,TRADE,5965.75,2
2024-11-15 00:23:51.943656,TRADE,5965.75,1
2024-11-15 00:23:52.830193,TRADE,5965.75,1
2024-11-15 00:23:56.949245,TRADE,5966.0,3
2024-11-15 00:23:56.949683,TRADE,5966.0,1
2024-11-15 00:23:56.949914,TRADE,5966.0,1
2024-11-15 00:23:57.750090,TRADE,5966.0,3
2024-11-15 00:23:58.032291,TRADE,5966.0,1
2024-11-15 00:23:58.188315,TRADE,5966.0,1
2024-11-15 00:23:59.279532,TRADE,5966.0,1
2024-11-15 00:24:00.724065,TRADE,5966.25,1
2024-11-15 00:24:01.443769,TRADE,5966.0,1
2024-11-15 00:24:02.286662,TRADE,5966.0,1
2024-11-15 00:24:03.267028,TRADE,5966.0,1
2024-11-15 00:24:05.460274,TRADE,5966.0,1
2024-11-15 00:24:05.794147,TRADE,5966.0,1
2024-11-15 00:24:07.297714,TRADE,5966.0,2
2024-11-15 00:24:07.297884,TRADE,5966.0,1
2024-11-15 00:24:08.348819,TRADE,5965.75,1
2024-11-15 00:24:09.430468,TRADE,5966.0,1
2024-11-15 00:24:10.124767,TRADE,5966.0,1
2024-11-15 00:24:12.702477,TRADE,5966.25,2
2024-11-15 00:24:12.702584,TRADE,5966.25,5
2024-11-15 00:24:12.702662,TRADE,5966.25,1
2024-11-15 00:24:12.702693,TRADE,5966.25,1
2024-11-15 00:24:13.108350,TRADE,5966.0,2
2024-11-15 00:24:13.417103,TRADE,5966.0,1
2024-11-15 00:24:17.819317,TRADE,5966.0,1
2024-11-15 00:24:18.392515,TRADE,5966.25,1
2024-11-15 00:24:18.392793,TRADE,5966.25,5
2024-11-15 00:24:18.404889,TRADE,5966.25,3
2024-11-15 00:24:18.405111,TRADE,5966.25,2
2024-11-15 00:24:18.405197,TRADE,5966.25,1
2024-11-15 00:24:18.405397,TRADE,5966.25,1
2024-11-15 00:24:18.405443,TRADE,5966.25,2
2024-11-15 00:24:18.650723,TRADE,5966.25,2
2024-11-15 00:24:21.286887,TRADE,5966.0,2
2024-11-15 00:24:21.287915,TRADE,5966.0,1
2024-11-15 00:24:23.367198,TRADE,5966.0,1
2024-11-15 00:24:27.794352,TRADE,5965.75,1
2024-11-15 00:24:27.863350,TRADE,5966.0,2
2024-11-15 00:24:28.627049,TRADE,5965.75,2
2024-11-15 00:24:28.813390,TRADE,5966.0,1
2024-11-15 00:24:29.456133,TRADE,5965.75,1
2024-11-15 00:24:29.838066,TRADE,5966.0,1
2024-11-15 00:24:29.838279,TRADE,5966.0,1
2024-11-15 00:24:34.045837,TRADE,5966.0,1
2024-11-15 00:24:34.046100,TRADE,5966.0,1
2024-11-15 00:24:36.992159,TRADE,5966.25,7
2024-11-15 00:24:36.993132,TRADE,5966.25,1
2024-11-15 00:24:40.287936,TRADE,5966.0,1
2024-11-15 00:24:45.974504,TRADE,5966.0,1
2024-11-15 00:24:47.716208,TRADE,5966.0,1
2024-11-15 00:24:49.794492,TRADE,5965.75,1
2024-11-15 00:24:50.005739,TRADE,5966.0,1
2024-11-15 00:24:50.096862,TRADE,5966.0,1
2024-11-15 00:24:50.097077,TRADE,5966.0,1
2024-11-15 00:24:50.097238,TRADE,5966.0,1
2024-11-15 00:24:50.097549,TRADE,5966.0,1
2024-11-15 00:24:56.419557,TRADE,5965.75,8
2024-11-15 00:24:56.419557,TRADE,5965.5,6
2024-11-15 00:24:57.722974,TRADE,5965.75,1
2024-11-15 00:24:58.738048,TRADE,5965.75,4
2024-11-15 00:24:59.292252,TRADE,5965.75,1
2024-11-15 00:25:00.132894,TRADE,5965.75,1
2024-11-15 00:25:00.133250,TRADE,5965.75,1
2024-11-15 00:25:04.753156,TRADE,5966.0,2
2024-11-15 00:25:04.753240,TRADE,5966.0,2
2024-11-15 00:25:04.753240,TRADE,5966.0,1
2024-11-15 00:25:06.359362,TRADE,5966.25,1
2024-11-15 00:25:06.944766,TRADE,5966.25,1
2024-11-15 00:25:09.355123,TRADE,5966.0,2
2024-11-15 00:25:09.355171,TRADE,5966.0,2
2024-11-15 00:25:09.355770,TRADE,5966.0,1
2024-11-15 00:25:09.355977,TRADE,5966.0,1
2024-11-15 00:25:09.356030,TRADE,5966.0,1
2024-11-15 00:25:09.356225,TRADE,5966.0,1
2024-11-15 00:25:09.356611,TRADE,5966.0,1
2024-11-15 00:25:10.627298,TRADE,5965.75,3
2024-11-15 00:25:10.627677,TRADE,5965.75,1
2024-11-15 00:25:10.627866,TRADE,5965.75,1
2024-11-15 00:25:10.628693,TRADE,5965.75,1
2024-11-15 00:25:11.794620,TRADE,5965.75,1
2024-11-15 00:25:12.223976,TRADE,5965.75,2
2024-11-15 00:25:12.848105,TRADE,5965.75,1
2024-11-15 00:25:13.538963,TRADE,5965.75,1
2024-11-15 00:25:15.877551,TRADE,5965.75,2
2024-11-15 00:25:15.877740,TRADE,5965.75,1
2024-11-15 00:25:15.877799,TRADE,5965.75,1
2024-11-15 00:25:15.878026,TRADE,5965.75,1
2024-11-15 00:25:15.878682,TRADE,5965.75,1
2024-11-15 00:25:18.292901,TRADE,5965.75,1
2024-11-15 00:25:18.372457,TRADE,5965.75,1
2024-11-15 00:25:18.373077,TRADE,5965.75,1
2024-11-15 00:25:26.626679,TRADE,5965.75,1
2024-11-15 00:25:29.430341,TRADE,5965.75,1
2024-11-15 00:25:29.430367,TRADE,5965.75,1
2024-11-15 00:25:29.430522,TRADE,5965.75,1
2024-11-15 00:25:30.742917,TRADE,5965.75,2
2024-11-15 00:25:33.794837,TRADE,5965.5,1
2024-11-15 00:25:33.836291,TRADE,5965.75,1
2024-11-15 00:25:36.703424,TRADE,5965.5,1
2024-11-15 00:25:37.292633,TRADE,5965.5,1
2024-11-15 00:25:44.368335,TRADE,5965.5,2
2024-11-15 00:25:45.000439,TRADE,5965.5,10
2024-11-15 00:25:45.286440,TRADE,5965.25,3
2024-11-15 00:25:45.298741,TRADE,5965.25,2
2024-11-15 00:25:45.863725,TRADE,5965.25,1
2024-11-15 00:25:45.863754,TRADE,5965.25,1
2024-11-15 00:25:45.864462,TRADE,5965.25,7
2024-11-15 00:25:46.650313,TRADE,5965.0,1
2024-11-15 00:25:46.650326,TRADE,5965.0,1
2024-11-15 00:25:46.979424,TRADE,5965.25,1
2024-11-15 00:25:50.789607,TRADE,5965.25,1
2024-11-15 00:25:52.627423,TRADE,5965.0,1
2024-11-15 00:25:52.628058,TRADE,5965.0,1
2024-11-15 00:25:52.628241,TRADE,5965.0,2
2024-11-15 00:25:52.628452,TRADE,5965.0,1
2024-11-15 00:25:52.628479,TRADE,5965.0,1
2024-11-15 00:25:54.021595,TRADE,5965.25,7
2024-11-15 00:25:54.022548,TRADE,5965.25,2
2024-11-15 00:25:54.022724,TRADE,5965.25,2
2024-11-15 00:25:54.028649,TRADE,5965.25,3
2024-11-15 00:25:54.029106,TRADE,5965.25,1
2024-11-15 00:25:55.794960,TRADE,5965.0,1
2024-11-15 00:25:56.292853,TRADE,5965.0,1
2024-11-15 00:25:58.184956,TRADE,5965.25,1
2024-11-15 00:25:58.400892,TRADE,5965.25,1
2024-11-15 00:25:58.400921,TRADE,5965.25,1
2024-11-15 00:25:58.401100,TRADE,5965.25,1
2024-11-15 00:25:58.401464,TRADE,5965.25,1
2024-11-15 00:25:59.228313,TRADE,5965.25,1
2024-11-15 00:25:59.228795,TRADE,5965.25,1
2024-11-15 00:25:59.699315,TRADE,5965.5,1
2024-11-15 00:26:00.387291,TRADE,5965.25,1
2024-11-15 00:26:00.943892,TRADE,5965.25,3
2024-11-15 00:26:05.400810,TRADE,5965.25,1
2024-11-15 00:26:05.400834,TRADE,5965.25,1
2024-11-15 00:26:05.778434,TRADE,5965.25,1
2024-11-15 00:26:07.208133,TRADE,5965.25,1
2024-11-15 00:26:13.074760,TRADE,5965.5,1
2024-11-15 00:26:13.075032,TRADE,5965.5,8
2024-11-15 00:26:13.075150,TRADE,5965.5,1
2024-11-15 00:26:13.075584,TRADE,5965.5,1
2024-11-15 00:26:14.454037,TRADE,5965.5,1
2024-11-15 00:26:14.454262,TRADE,5965.5,9
2024-11-15 00:26:14.624859,TRADE,5965.25,1
2024-11-15 00:26:14.781338,TRADE,5965.5,1
2024-11-15 00:26:15.293984,TRADE,5965.25,1
2024-11-15 00:26:16.234851,TRADE,5965.5,2
2024-11-15 00:26:16.235124,TRADE,5965.5,1
2024-11-15 00:26:17.795119,TRADE,5965.25,1
2024-11-15 00:26:18.120808,TRADE,5965.25,1
2024-11-15 00:26:18.122439,TRADE,5965.25,1
2024-11-15 00:26:22.086377,TRADE,5965.25,2
2024-11-15 00:26:23.429624,TRADE,5965.25,2
2024-11-15 00:26:30.431411,TRADE,5965.25,1
2024-11-15 00:26:32.726745,TRADE,5965.0,1
2024-11-15 00:26:32.729320,TRADE,5965.0,1
2024-11-15 00:26:32.729367,TRADE,5965.0,2
2024-11-15 00:26:32.729549,TRADE,5965.0,1
2024-11-15 00:26:34.133224,TRADE,5965.25,6
2024-11-15 00:26:34.294243,TRADE,5965.25,1
2024-11-15 00:26:34.355860,TRADE,5965.25,2
2024-11-15 00:26:34.627588,TRADE,5965.0,1
2024-11-15 00:26:37.342401,TRADE,5965.5,1
2024-11-15 00:26:39.795272,TRADE,5965.25,1
2024-11-15 00:26:45.241564,TRADE,5965.25,2
2024-11-15 00:26:53.294463,TRADE,5965.25,1
2024-11-15 00:26:56.541275,TRADE,5965.25,2
2024-11-15 00:26:57.693913,TRADE,5965.0,4
2024-11-15 00:26:57.694166,TRADE,5965.0,3
2024-11-15 00:26:57.701050,TRADE,5964.75,1
2024-11-15 00:26:57.701063,TRADE,5964.5,2
2024-11-15 00:26:57.701063,TRADE,5964.5,1
2024-11-15 00:26:57.701079,TRADE,5964.5,2
2024-11-15 00:26:57.701086,TRADE,5964.5,2
2024-11-15 00:26:57.801279,TRADE,5964.5,8
2024-11-15 00:26:57.801563,TRADE,5964.5,6
2024-11-15 00:26:57.802066,TRADE,5964.5,1
2024-11-15 00:26:58.174176,TRADE,5964.5,1
2024-11-15 00:26:58.174398,TRADE,5964.5,4
2024-11-15 00:26:58.174476,TRADE,5964.5,2
2024-11-15 00:26:58.425766,TRADE,5964.75,5
2024-11-15 00:26:58.970162,TRADE,5964.5,4
2024-11-15 00:26:58.970235,TRADE,5964.5,1
2024-11-15 00:26:58.970235,TRADE,5964.5,1
2024-11-15 00:26:58.970298,TRADE,5964.5,4
2024-11-15 00:27:00.691599,TRADE,5964.5,1
2024-11-15 00:27:00.695321,TRADE,5964.5,2
2024-11-15 00:27:00.695539,TRADE,5964.5,1
2024-11-15 00:27:01.795403,TRADE,5964.25,1
2024-11-15 00:27:01.795416,TRADE,5964.25,1
2024-11-15 00:27:03.614288,TRADE,5964.5,11
2024-11-15 00:27:04.175645,TRADE,5964.5,1
2024-11-15 00:27:08.046822,TRADE,5964.5,1
2024-11-15 00:27:12.294710,TRADE,5964.5,1
2024-11-15 00:27:14.733807,TRADE,5964.75,1
2024-11-15 00:27:14.750020,TRADE,5964.5,3
2024-11-15 00:27:14.750709,TRADE,5964.5,2
2024-11-15 00:27:14.750912,TRADE,5964.5,1
2024-11-15 00:27:15.363136,TRADE,5964.75,1
2024-11-15 00:27:16.627865,TRADE,5964.5,3
2024-11-15 00:27:16.628063,TRADE,5964.5,1
2024-11-15 00:27:17.673207,TRADE,5964.5,2
2024-11-15 00:27:19.014510,TRADE,5964.75,1
2024-11-15 00:27:19.690975,TRADE,5964.75,1
2024-11-15 00:27:22.109707,TRADE,5964.75,1
2024-11-15 00:27:22.109736,TRADE,5964.75,1
2024-11-15 00:27:22.110061,TRADE,5964.75,1
2024-11-15 00:27:22.110247,TRADE,5964.75,1
2024-11-15 00:27:23.795512,TRADE,5964.5,1
2024-11-15 00:27:24.337842,TRADE,5965.0,1
2024-11-15 00:27:24.337856,TRADE,5965.0,1
2024-11-15 00:27:26.917069,TRADE,5964.75,2
2024-11-15 00:27:26.917263,TRADE,5964.75,1
2024-11-15 00:27:26.917586,TRADE,5964.75,1
2024-11-15 00:27:26.917632,TRADE,5964.75,2
2024-11-15 00:27:31.295000,TRADE,5964.75,2
2024-11-15 00:27:32.039090,TRADE,5964.75,1
2024-11-15 00:27:35.133861,TRADE,5965.0,1
2024-11-15 00:27:41.231877,TRADE,5965.0,2
2024-11-15 00:27:41.232078,TRADE,5965.0,1
2024-11-15 00:27:42.847957,TRADE,5964.75,1
2024-11-15 00:27:42.848135,TRADE,5964.75,1
2024-11-15 00:27:42.848167,TRADE,5964.75,1
2024-11-15 00:27:43.097470,TRADE,5964.75,1
2024-11-15 00:27:43.352011,TRADE,5964.75,2
2024-11-15 00:27:43.352121,TRADE,5964.75,2
2024-11-15 00:27:43.352331,TRADE,5964.75,1
2024-11-15 00:27:43.535955,TRADE,5964.5,5
2024-11-15 00:27:43.536156,TRADE,5964.5,1
2024-11-15 00:27:43.536215,TRADE,5964.5,1
2024-11-15 00:27:45.795709,TRADE,5964.5,1
2024-11-15 00:27:46.656352,TRADE,5964.75,1
2024-11-15 00:27:49.772121,TRADE,5964.75,1
2024-11-15 00:27:50.295077,TRADE,5964.25,1
2024-11-15 00:27:52.262434,TRADE,5964.75,2
2024-11-15 00:27:55.686100,TRADE,5964.5,1
2024-11-15 00:27:58.628010,TRADE,5964.25,1
2024-11-15 00:27:58.630088,TRADE,5964.25,6
2024-11-15 00:27:58.630126,TRADE,5964.25,1
2024-11-15 00:27:58.630499,TRADE,5964.25,2
2024-11-15 00:27:58.643060,TRADE,5964.25,1
2024-11-15 00:28:00.359796,TRADE,5964.0,3
2024-11-15 00:28:00.359812,TRADE,5964.0,1
2024-11-15 00:28:00.359812,TRADE,5964.0,1
2024-11-15 00:28:00.359812,TRADE,5964.0,1
2024-11-15 00:28:00.359885,TRADE,5964.0,1
2024-11-15 00:28:00.360008,TRADE,5964.0,9
2024-11-15 00:28:00.624735,TRADE,5963.75,1
2024-11-15 00:28:04.065040,TRADE,5964.0,1
2024-11-15 00:28:04.065209,TRADE,5964.0,1
2024-11-15 00:28:04.065344,TRADE,5964.0,10
2024-11-15 00:28:04.364400,TRADE,5964.0,1
2024-11-15 00:28:04.738895,TRADE,5964.0,1
2024-11-15 00:28:06.374689,TRADE,5964.25,1
2024-11-15 00:28:06.374965,TRADE,5964.25,4
2024-11-15 00:28:07.221844,TRADE,5964.25,1
2024-11-15 00:28:07.222154,TRADE,5964.25,1
2024-11-15 00:28:07.316229,TRADE,5964.25,1
2024-11-15 00:28:07.795869,TRADE,5964.25,1
2024-11-15 00:28:09.295477,TRADE,5964.0,1
2024-11-15 00:28:09.295833,TRADE,5964.25,2
2024-11-15 00:28:09.296016,TRADE,5964.25,1
2024-11-15 00:28:17.491258,TRADE,5964.25,9
2024-11-15 00:28:17.491720,TRADE,5964.25,1
2024-11-15 00:28:17.491835,TRADE,5964.25,1
2024-11-15 00:28:19.050369,TRADE,5964.25,3
2024-11-15 00:28:19.926958,TRADE,5964.5,5
2024-11-15 00:28:19.927721,TRADE,5964.5,1
2024-11-15 00:28:20.050259,TRADE,5964.25,1
2024-11-15 00:28:21.061090,TRADE,5964.25,7
2024-11-15 00:28:22.368200,TRADE,5964.25,1
2024-11-15 00:28:22.429012,TRADE,5964.25,1
2024-11-15 00:28:24.109757,TRADE,5964.25,2
2024-11-15 00:28:24.109978,TRADE,5964.25,1
2024-11-15 00:28:24.110042,TRADE,5964.25,8
2024-11-15 00:28:24.110224,TRADE,5964.25,1
2024-11-15 00:28:24.719985,TRADE,5964.5,1
2024-11-15 00:28:25.097108,TRADE,5964.0,1
2024-11-15 00:28:26.176184,TRADE,5964.0,5
2024-11-15 00:28:28.295549,TRADE,5964.0,1
2024-11-15 00:28:29.795981,TRADE,5964.0,1
2024-11-15 00:28:36.297213,TRADE,5964.25,2
2024-11-15 00:28:36.297445,TRADE,5964.25,2
2024-11-15 00:28:36.297486,TRADE,5964.25,1
2024-11-15 00:28:36.380952,TRADE,5964.0,2
2024-11-15 00:28:40.628271,TRADE,5964.0,3
2024-11-15 00:28:42.984498,TRADE,5964.0,1
2024-11-15 00:28:45.181374,TRADE,5964.25,1
2024-11-15 00:28:47.295740,TRADE,5964.0,1
2024-11-15 00:28:50.268586,TRADE,5964.0,1
2024-11-15 00:28:50.274039,TRADE,5964.25,1
2024-11-15 00:28:51.796168,TRADE,5963.75,1
2024-11-15 00:28:52.504177,TRADE,5963.75,10
2024-11-15 00:28:53.907333,TRADE,5963.75,12
2024-11-15 00:28:53.908301,TRADE,5964.0,2
2024-11-15 00:28:53.908472,TRADE,5964.0,1
2024-11-15 00:28:54.781838,TRADE,5964.25,1
2024-11-15 00:28:56.929591,TRADE,5964.0,1
2024-11-15 00:28:57.837553,TRADE,5964.25,3
2024-11-15 00:28:57.837624,TRADE,5964.25,1
2024-11-15 00:28:57.837624,TRADE,5964.25,2
2024-11-15 00:28:57.837750,TRADE,5964.25,1
2024-11-15 00:28:57.837995,TRADE,5964.25,2
2024-11-15 00:28:57.915159,TRADE,5964.25,3
2024-11-15 00:28:58.634606,TRADE,5964.25,1
2024-11-15 00:28:58.914966,TRADE,5964.0,2
2024-11-15 00:29:00.119468,TRADE,5964.25,2
2024-11-15 00:29:01.442332,TRADE,5964.0,1
2024-11-15 00:29:03.285974,TRADE,5964.0,4
2024-11-15 00:29:06.148215,TRADE,5964.25,3
2024-11-15 00:29:06.295895,TRADE,5964.0,1
2024-11-15 00:29:09.444303,TRADE,5964.25,2
2024-11-15 00:29:10.940381,TRADE,5964.0,1
2024-11-15 00:29:11.033057,TRADE,5964.0,1
2024-11-15 00:29:11.063420,TRADE,5964.25,3
2024-11-15 00:29:11.114599,TRADE,5964.5,4
2024-11-15 00:29:12.505889,TRADE,5964.5,5
2024-11-15 00:29:13.796498,TRADE,5964.5,1
2024-11-15 00:29:15.112716,TRADE,5964.75,3
2024-11-15 00:29:15.113033,TRADE,5964.75,7
2024-11-15 00:29:15.113033,TRADE,5965.0,3
2024-11-15 00:29:15.113052,TRADE,5965.0,1
2024-11-15 00:29:15.546581,TRADE,5964.75,11
2024-11-15 00:29:16.973775,TRADE,5964.5,4
2024-11-15 00:29:18.972761,TRADE,5964.25,1
2024-11-15 00:29:18.972986,TRADE,5964.25,3
2024-11-15 00:29:18.978865,TRADE,5964.25,3
2024-11-15 00:29:19.510407,TRADE,5964.25,1
2024-11-15 00:29:22.628455,TRADE,5964.25,2
2024-11-15 00:29:24.720729,TRADE,5964.0,1
2024-11-15 00:29:24.720742,TRADE,5964.0,1
2024-11-15 00:29:24.720880,TRADE,5964.0,2
2024-11-15 00:29:24.721119,TRADE,5964.0,29
2024-11-15 00:29:24.721174,TRADE,5964.0,1
2024-11-15 00:29:24.721383,TRADE,5964.0,17
2024-11-15 00:29:24.721519,TRADE,5964.0,1
2024-11-15 00:29:24.721605,TRADE,5964.0,1
2024-11-15 00:29:24.721858,TRADE,5964.25,1
2024-11-15 00:29:24.721973,TRADE,5964.25,1
2024-11-15 00:29:24.722125,TRADE,5964.25,6
2024-11-15 00:29:25.296395,TRADE,5964.25,1
2024-11-15 00:29:26.059326,TRADE,5964.5,1
2024-11-15 00:29:26.059902,TRADE,5964.5,2
2024-11-15 00:29:29.859766,TRADE,5964.5,1
2024-11-15 00:29:30.008015,TRADE,5964.5,1
2024-11-15 00:29:34.988378,TRADE,5964.25,4
2024-11-15 00:29:35.796412,TRADE,5964.25,1
2024-11-15 00:29:40.538094,TRADE,5964.5,1
2024-11-15 00:29:40.538165,TRADE,5964.5,3
2024-11-15 00:29:40.538274,TRADE,5964.5,1
2024-11-15 00:29:40.538343,TRADE,5964.5,1
2024-11-15 00:29:40.540393,TRADE,5964.75,2
2024-11-15 00:29:40.540460,TRADE,5964.75,2
2024-11-15 00:29:40.540579,TRADE,5964.75,2
2024-11-15 00:29:40.540630,TRADE,5964.75,1
2024-11-15 00:29:40.540751,TRADE,5964.75,1
2024-11-15 00:29:40.540846,TRADE,5964.75,1
2024-11-15 00:29:40.541235,TRADE,5964.75,1
2024-11-15 00:29:40.551511,TRADE,5965.0,1
2024-11-15 00:29:40.551718,TRADE,5965.0,3
2024-11-15 00:29:40.551909,TRADE,5965.0,1
2024-11-15 00:29:40.551944,TRADE,5965.0,1
2024-11-15 00:29:40.553052,TRADE,5964.75,1
2024-11-15 00:29:41.118400,TRADE,5964.75,3
2024-11-15 00:29:41.118801,TRADE,5964.75,1
2024-11-15 00:29:41.151887,TRADE,5964.75,2
2024-11-15 00:29:44.296608,TRADE,5964.75,1
2024-11-15 00:29:44.637792,TRADE,5965.0,1
2024-11-15 00:29:55.118783,TRADE,5965.0,2
2024-11-15 00:29:56.246640,TRADE,5965.0,1
2024-11-15 00:29:56.246936,TRADE,5965.0,6
2024-11-15 00:29:56.780080,TRADE,5965.0,8
2024-11-15 00:29:56.780560,TRADE,5965.0,1
2024-11-15 00:29:57.796617,TRADE,5964.75,1
2024-11-15 00:29:57.885755,TRADE,5964.75,1
2024-11-15 00:30:00.404185,TRADE,5964.75,1
2024-11-15 00:30:03.296730,TRADE,5964.75,2
2024-11-15 00:30:04.628633,TRADE,5964.75,3
2024-11-15 00:30:04.628884,TRADE,5964.75,1
2024-11-15 00:30:05.455399,TRADE,5964.75,1
2024-11-15 00:30:05.485421,TRADE,5964.75,1
2024-11-15 00:30:08.685131,TRADE,5964.75,2
2024-11-15 00:30:11.339476,TRADE,5964.75,1
2024-11-15 00:30:11.786445,TRADE,5965.0,1
2024-11-15 00:30:11.786627,TRADE,5965.0,1
2024-11-15 00:30:11.786758,TRADE,5965.0,6
2024-11-15 00:30:13.370443,TRADE,5965.0,3
2024-11-15 00:30:13.548070,TRADE,5965.25,1
2024-11-15 00:30:13.668992,TRADE,5965.0,3
2024-11-15 00:30:15.840111,TRADE,5965.0,1
2024-11-15 00:30:15.991586,TRADE,5965.0,1
2024-11-15 00:30:15.991617,TRADE,5965.0,1
2024-11-15 00:30:19.796808,TRADE,5964.75,2
2024-11-15 00:30:21.287224,TRADE,5965.0,10
2024-11-15 00:30:22.297116,TRADE,5965.0,1
2024-11-15 00:30:25.212612,TRADE,5965.25,1
2024-11-15 00:30:25.212790,TRADE,5965.25,2
2024-11-15 00:30:25.212858,TRADE,5965.25,1
2024-11-15 00:30:25.212902,TRADE,5965.25,1
2024-11-15 00:30:25.212958,TRADE,5965.25,1
2024-11-15 00:30:25.212993,TRADE,5965.25,2
2024-11-15 00:30:25.922062,TRADE,5965.25,3
2024-11-15 00:30:25.922237,TRADE,5965.25,3
2024-11-15 00:30:35.221510,TRADE,5965.25,4
2024-11-15 00:30:35.221684,TRADE,5965.25,1
2024-11-15 00:30:35.221961,TRADE,5965.25,1
2024-11-15 00:30:35.236612,TRADE,5965.25,1
2024-11-15 00:30:35.829565,TRADE,5965.5,12
2024-11-15 00:30:35.893328,TRADE,5965.75,1
2024-11-15 00:30:35.965861,TRADE,5965.5,1
2024-11-15 00:30:35.974427,TRADE,5965.5,4
2024-11-15 00:30:36.810202,TRADE,5965.75,1
2024-11-15 00:30:37.196904,TRADE,5965.5,6
2024-11-15 00:30:37.197537,TRADE,5965.5,1
2024-11-15 00:30:39.047543,TRADE,5965.5,2
2024-11-15 00:30:39.047572,TRADE,5965.5,1
2024-11-15 00:30:39.048004,TRADE,5965.5,1
2024-11-15 00:30:41.298217,TRADE,5965.25,1
2024-11-15 00:30:41.796924,TRADE,5965.25,1
2024-11-15 00:30:45.016485,TRADE,5965.5,2
2024-11-15 00:30:45.454096,TRADE,5965.5,15
2024-11-15 00:30:45.454510,TRADE,5965.5,14
2024-11-15 00:30:45.454631,TRADE,5965.5,2
2024-11-15 00:30:45.454752,TRADE,5965.5,1
2024-11-15 00:30:45.454906,TRADE,5965.5,2
2024-11-15 00:30:45.455406,TRADE,5965.5,4
2024-11-15 00:30:46.132534,TRADE,5965.25,1
2024-11-15 00:30:46.132727,TRADE,5965.25,1
2024-11-15 00:30:46.628836,TRADE,5965.25,3
2024-11-15 00:30:46.629666,TRADE,5965.25,1
2024-11-15 00:30:46.629912,TRADE,5965.25,1
2024-11-15 00:30:50.007178,TRADE,5965.5,1
2024-11-15 00:30:50.566379,TRADE,5965.25,3
2024-11-15 00:30:50.566659,TRADE,5965.25,1
2024-11-15 00:30:51.333773,TRADE,5965.25,1
2024-11-15 00:30:51.334117,TRADE,5965.25,1
2024-11-15 00:30:57.883701,TRADE,5965.5,10
2024-11-15 00:30:57.883876,TRADE,5965.5,2
2024-11-15 00:30:57.883936,TRADE,5965.5,2
2024-11-15 00:30:57.894828,TRADE,5965.5,1
2024-11-15 00:30:58.000120,TRADE,5965.5,1
2024-11-15 00:30:58.882013,TRADE,5965.25,2
2024-11-15 00:30:58.914715,TRADE,5965.25,15
2024-11-15 00:30:59.388791,TRADE,5965.25,1
2024-11-15 00:31:00.298425,TRADE,5965.0,1
2024-11-15 00:31:00.482442,TRADE,5965.25,1
2024-11-15 00:31:03.078312,TRADE,5965.0,1
2024-11-15 00:31:03.078348,TRADE,5965.0,2
2024-11-15 00:31:03.078541,TRADE,5965.0,1
2024-11-15 00:31:03.797001,TRADE,5965.0,1
2024-11-15 00:31:05.059068,TRADE,5965.25,1
2024-11-15 00:31:05.810279,TRADE,5965.0,1
2024-11-15 00:31:09.476480,TRADE,5965.0,1
2024-11-15 00:31:09.476691,TRADE,5965.0,1
2024-11-15 00:31:09.476730,TRADE,5965.0,1
2024-11-15 00:31:09.488949,TRADE,5965.0,1
2024-11-15 00:31:09.489128,TRADE,5965.0,1
2024-11-15 00:31:09.527398,TRADE,5965.0,1
2024-11-15 00:31:10.714542,TRADE,5965.0,1
2024-11-15 00:31:13.541046,TRADE,5964.75,3
2024-11-15 00:31:13.541144,TRADE,5964.75,2
2024-11-15 00:31:14.053285,TRADE,5964.75,4
2024-11-15 00:31:14.799153,TRADE,5964.75,1
2024-11-15 00:31:15.571073,TRADE,5964.75,1
2024-11-15 00:31:15.571177,TRADE,5964.75,2
2024-11-15 00:31:15.572173,TRADE,5964.5,1
2024-11-15 00:31:15.572209,TRADE,5964.5,1
2024-11-15 00:31:15.572385,TRADE,5964.5,11
2024-11-15 00:31:15.585419,TRADE,5964.25,2
2024-11-15 00:31:15.585437,TRADE,5964.25,1
2024-11-15 00:31:15.585565,TRADE,5964.25,1
2024-11-15 00:31:15.585599,TRADE,5964.25,1
2024-11-15 00:31:15.585640,TRADE,5964.25,1
2024-11-15 00:31:15.586869,TRADE,5964.25,4
2024-11-15 00:31:15.590192,TRADE,5964.25,3
2024-11-15 00:31:15.590535,TRADE,5964.25,2
2024-11-15 00:31:15.591013,TRADE,5964.25,1
2024-11-15 00:31:16.847000,TRADE,5964.25,1
2024-11-15 00:31:16.847232,TRADE,5964.25,2
2024-11-15 00:31:16.847481,TRADE,5964.25,1
2024-11-15 00:31:18.095648,TRADE,5964.25,1
2024-11-15 00:31:18.095882,TRADE,5964.25,2
2024-11-15 00:31:18.096217,TRADE,5964.25,1
2024-11-15 00:31:18.178997,TRADE,5964.25,1
2024-11-15 00:31:19.153426,TRADE,5964.5,2
2024-11-15 00:31:19.303772,TRADE,5964.0,1
2024-11-15 00:31:25.797195,TRADE,5964.25,1
2024-11-15 00:31:26.469640,TRADE,5964.25,1
2024-11-15 00:31:28.629100,TRADE,5964.0,2
2024-11-15 00:31:30.252011,TRADE,5964.25,1
2024-11-15 00:31:30.252069,TRADE,5964.25,2
2024-11-15 00:31:30.252426,TRADE,5964.25,8
2024-11-15 00:31:31.129995,TRADE,5964.25,1
2024-11-15 00:31:31.873892,TRADE,5964.25,1
2024-11-15 00:31:34.132333,TRADE,5964.25,1
2024-11-15 00:31:38.308282,TRADE,5964.25,1
2024-11-15 00:31:39.620855,TRADE,5964.25,5
2024-11-15 00:31:39.621141,TRADE,5964.25,3
2024-11-15 00:31:39.621356,TRADE,5964.25,3
2024-11-15 00:31:39.621399,TRADE,5964.25,1
2024-11-15 00:31:41.351385,TRADE,5964.5,2
2024-11-15 00:31:46.082048,TRADE,5964.25,7
2024-11-15 00:31:46.577142,TRADE,5964.25,1
2024-11-15 00:31:46.577342,TRADE,5964.25,1
2024-11-15 00:31:47.554479,TRADE,5964.0,5
2024-11-15 00:31:47.797308,TRADE,5964.0,1
2024-11-15 00:31:54.019751,TRADE,5964.0,40
2024-11-15 00:31:54.019973,TRADE,5964.0,1
2024-11-15 00:31:54.020013,TRADE,5964.0,1
2024-11-15 00:31:55.598571,TRADE,5964.0,2
2024-11-15 00:31:57.310056,TRADE,5964.0,1
2024-11-15 00:32:00.422231,TRADE,5964.25,1
2024-11-15 00:32:01.743154,TRADE,5964.25,3
2024-11-15 00:32:02.375742,TRADE,5964.25,5
2024-11-15 00:32:03.291136,TRADE,5964.25,5
2024-11-15 00:32:03.291136,TRADE,5964.5,1
2024-11-15 00:32:03.291613,TRADE,5964.25,1
2024-11-15 00:32:03.291675,TRADE,5964.25,1
2024-11-15 00:32:03.291819,TRADE,5964.25,2
2024-11-15 00:32:04.300133,TRADE,5964.0,1
2024-11-15 00:32:04.301143,TRADE,5964.0,11
2024-11-15 00:32:04.301324,TRADE,5964.0,9
2024-11-15 00:32:04.301369,TRADE,5964.0,1
2024-11-15 00:32:04.301407,TRADE,5964.0,1
2024-11-15 00:32:04.301457,TRADE,5964.0,1
2024-11-15 00:32:04.301502,TRADE,5964.0,1
2024-11-15 00:32:04.301604,TRADE,5964.0,1
2024-11-15 00:32:04.301663,TRADE,5964.0,1
2024-11-15 00:32:04.301893,TRADE,5964.0,1
2024-11-15 00:32:07.572012,TRADE,5964.0,25
2024-11-15 00:32:07.572012,TRADE,5963.75,15
2024-11-15 00:32:07.573458,TRADE,5963.75,12
2024-11-15 00:32:07.573568,TRADE,5963.75,3
2024-11-15 00:32:07.575053,TRADE,5963.75,1
2024-11-15 00:32:07.576067,TRADE,5963.5,1
2024-11-15 00:32:07.576078,TRADE,5963.5,1
2024-11-15 00:32:07.576078,TRADE,5963.5,1
2024-11-15 00:32:07.576234,TRADE,5963.5,6
2024-11-15 00:32:07.576334,TRADE,5963.5,1
2024-11-15 00:32:07.576334,TRADE,5963.5,1
2024-11-15 00:32:07.577243,TRADE,5963.5,1
2024-11-15 00:32:07.577365,TRADE,5963.5,1
2024-11-15 00:32:07.577444,TRADE,5963.5,1
2024-11-15 00:32:07.577486,TRADE,5963.5,1
2024-11-15 00:32:07.578750,TRADE,5963.5,2
2024-11-15 00:32:07.578916,TRADE,5963.5,2
2024-11-15 00:32:07.579022,TRADE,5963.5,1
2024-11-15 00:32:07.579111,TRADE,5963.5,1
2024-11-15 00:32:07.579179,TRADE,5963.5,1
2024-11-15 00:32:07.579241,TRADE,5963.5,1
2024-11-15 00:32:07.579344,TRADE,5963.5,1
2024-11-15 00:32:07.579549,TRADE,5963.5,1
2024-11-15 00:32:07.579600,TRADE,5963.5,1
2024-11-15 00:32:07.579638,TRADE,5963.5,1
2024-11-15 00:32:07.579749,TRADE,5963.5,1
2024-11-15 00:32:07.579830,TRADE,5963.5,1
2024-11-15 00:32:07.580016,TRADE,5963.5,1
2024-11-15 00:32:07.585619,TRADE,5963.5,1
2024-11-15 00:32:07.587848,TRADE,5963.5,1
2024-11-15 00:32:07.619544,TRADE,5963.5,2
2024-11-15 00:32:07.620216,TRADE,5963.5,6
2024-11-15 00:32:07.620661,TRADE,5963.5,1
2024-11-15 00:32:07.620726,TRADE,5963.5,1
2024-11-15 00:32:07.800363,TRADE,5963.75,2
2024-11-15 00:32:07.800662,TRADE,5963.75,1
2024-11-15 00:32:07.800913,TRADE,5963.75,1
2024-11-15 00:32:07.801108,TRADE,5963.75,1
2024-11-15 00:32:07.801149,TRADE,5963.75,1
2024-11-15 00:32:07.995025,TRADE,5963.75,1
2024-11-15 00:32:07.995413,TRADE,5963.75,6
2024-11-15 00:32:08.228442,TRADE,5963.5,1
2024-11-15 00:32:08.228746,TRADE,5963.5,1
2024-11-15 00:32:08.228951,TRADE,5963.5,2
2024-11-15 00:32:08.229030,TRADE,5963.5,1
2024-11-15 00:32:09.342757,TRADE,5963.75,1
2024-11-15 00:32:09.343809,TRADE,5963.5,9
2024-11-15 00:32:09.343809,TRADE,5963.25,3
2024-11-15 00:32:09.343829,TRADE,5963.25,1
2024-11-15 00:32:09.343829,TRADE,5963.25,1
2024-11-15 00:32:09.343829,TRADE,5963.25,4
2024-11-15 00:32:09.343829,TRADE,5963.25,5
2024-11-15 00:32:09.343829,TRADE,5963.25,5
2024-11-15 00:32:09.343829,TRADE,5963.25,4
2024-11-15 00:32:09.345173,TRADE,5963.5,2
2024-11-15 00:32:09.374780,TRADE,5963.25,1
2024-11-15 00:32:09.380704,TRADE,5963.25,1
2024-11-15 00:32:09.380788,TRADE,5963.25,1
2024-11-15 00:32:09.420816,TRADE,5963.25,5
2024-11-15 00:32:09.421913,TRADE,5963.5,4
2024-11-15 00:32:09.421979,TRADE,5963.5,4
2024-11-15 00:32:09.601898,TRADE,5963.75,3
2024-11-15 00:32:09.797487,TRADE,5963.5,1
2024-11-15 00:32:10.013451,TRADE,5963.5,1
2024-11-15 00:32:10.629236,TRADE,5963.5,1
2024-11-15 00:32:10.629426,TRADE,5963.5,1
2024-11-15 00:32:10.634419,TRADE,5963.75,10
2024-11-15 00:32:10.640014,TRADE,5963.75,4
2024-11-15 00:32:10.640154,TRADE,5963.75,1
2024-11-15 00:32:10.640240,TRADE,5963.75,4
2024-11-15 00:32:10.640315,TRADE,5963.75,1
2024-11-15 00:32:10.640315,TRADE,5963.75,1
2024-11-15 00:32:10.640376,TRADE,5963.75,1
2024-11-15 00:32:10.640376,TRADE,5963.75,1
2024-11-15 00:32:10.640422,TRADE,5963.75,1
2024-11-15 00:32:10.640688,TRADE,5963.75,1
2024-11-15 00:32:10.915292,TRADE,5963.5,5
2024-11-15 00:32:11.729104,TRADE,5963.25,2
2024-11-15 00:32:11.731147,TRADE,5963.25,8
2024-11-15 00:32:11.737921,TRADE,5963.25,2
2024-11-15 00:32:11.755911,TRADE,5963.0,3
2024-11-15 00:32:11.755931,TRADE,5963.0,10
2024-11-15 00:32:11.755931,TRADE,5963.0,1
2024-11-15 00:32:11.755931,TRADE,5963.0,3
2024-11-15 00:32:11.755931,TRADE,5963.0,4
2024-11-15 00:32:11.755931,TRADE,5963.0,6
2024-11-15 00:32:11.755931,TRADE,5963.0,1
2024-11-15 00:32:11.755931,TRADE,5963.0,3
2024-11-15 00:32:11.755931,TRADE,5963.0,1
2024-11-15 00:32:11.755931,TRADE,5962.75,2
2024-11-15 00:32:11.755941,TRADE,5962.75,1
2024-11-15 00:32:11.755941,TRADE,5962.75,1
2024-11-15 00:32:11.755941,TRADE,5962.75,2
2024-11-15 00:32:11.755949,TRADE,5962.75,1
2024-11-15 00:32:11.755949,TRADE,5962.75,1
2024-11-15 00:32:11.755957,TRADE,5962.75,1
2024-11-15 00:32:11.755957,TRADE,5962.75,1
2024-11-15 00:32:11.756407,TRADE,5962.75,1
2024-11-15 00:32:11.756418,TRADE,5962.75,1
2024-11-15 00:32:11.756418,TRADE,5962.75,1
2024-11-15 00:32:11.756426,TRADE,5962.75,1
2024-11-15 00:32:11.756426,TRADE,5962.75,3
2024-11-15 00:32:11.756437,TRADE,5962.75,1
2024-11-15 00:32:11.757294,TRADE,5963.0,7
2024-11-15 00:32:11.757482,TRADE,5962.75,2
2024-11-15 00:32:11.759840,TRADE,5962.75,3
2024-11-15 00:32:11.760073,TRADE,5962.75,5
2024-11-15 00:32:11.760738,TRADE,5962.75,2
2024-11-15 00:32:11.776306,TRADE,5962.5,6
2024-11-15 00:32:11.776317,TRADE,5962.5,1
2024-11-15 00:32:11.776317,TRADE,5962.5,1
2024-11-15 00:32:11.776435,TRADE,5962.5,5
2024-11-15 00:32:11.776519,TRADE,5962.5,16
2024-11-15 00:32:11.787153,TRADE,5962.5,1
2024-11-15 00:32:11.787220,TRADE,5962.5,1
2024-11-15 00:32:11.787220,TRADE,5962.5,1
2024-11-15 00:32:11.787525,TRADE,5962.5,6
2024-11-15 00:32:11.818995,TRADE,5962.5,1
2024-11-15 00:32:11.848458,TRADE,5962.75,1
2024-11-15 00:32:11.887735,TRADE,5962.75,6
2024-11-15 00:32:11.888030,TRADE,5962.75,1
2024-11-15 00:32:11.888175,TRADE,5962.75,1
2024-11-15 00:32:11.888235,TRADE,5962.75,1
2024-11-15 00:32:11.888417,TRADE,5962.75,1
2024-11-15 00:32:11.888719,TRADE,5962.75,3
2024-11-15 00:32:11.889175,TRADE,5962.75,1
2024-11-15 00:32:11.889175,TRADE,5963.0,24
2024-11-15 00:32:11.889304,TRADE,5962.75,1
2024-11-15 00:32:11.890300,TRADE,5963.0,3
2024-11-15 00:32:11.916069,TRADE,5963.0,1
2024-11-15 00:32:11.967015,TRADE,5963.0,2
2024-11-15 00:32:12.007847,TRADE,5963.25,1
2024-11-15 00:32:12.381921,TRADE,5963.0,1
2024-11-15 00:32:12.946339,TRADE,5963.25,9
2024-11-15 00:32:13.294472,TRADE,5963.25,11
2024-11-15 00:32:13.295193,TRADE,5963.5,1
2024-11-15 00:32:13.295531,TRADE,5963.5,1
2024-11-15 00:32:13.295720,TRADE,5963.5,3
2024-11-15 00:32:13.295906,TRADE,5963.5,1
2024-11-15 00:32:13.295972,TRADE,5963.5,23
2024-11-15 00:32:13.296559,TRADE,5963.75,1
2024-11-15 00:32:13.300823,TRADE,5963.5,1
2024-11-15 00:32:13.376535,TRADE,5963.5,9
2024-11-15 00:32:13.376535,TRADE,5963.25,6
2024-11-15 00:32:13.376808,TRADE,5963.5,1
2024-11-15 00:32:13.376927,TRADE,5963.5,2
2024-11-15 00:32:13.381639,TRADE,5963.75,7
2024-11-15 00:32:13.857119,TRADE,5964.0,2
2024-11-15 00:32:13.857119,TRADE,5964.25,3
2024-11-15 00:32:13.879408,TRADE,5963.75,1
2024-11-15 00:32:13.896545,TRADE,5964.0,1
2024-11-15 00:32:15.802479,TRADE,5964.25,2
2024-11-15 00:32:15.802569,TRADE,5964.25,2
2024-11-15 00:32:15.802637,TRADE,5964.25,1
2024-11-15 00:32:15.802691,TRADE,5964.25,1
2024-11-15 00:32:15.802757,TRADE,5964.25,5
2024-11-15 00:32:15.803215,TRADE,5964.5,1
2024-11-15 00:32:15.805813,TRADE,5964.25,2
2024-11-15 00:32:15.995819,TRADE,5964.25,2
2024-11-15 00:32:15.995996,TRADE,5964.25,1
2024-11-15 00:32:16.052523,TRADE,5964.5,1
2024-11-15 00:32:16.160486,TRADE,5964.5,4
2024-11-15 00:32:16.310186,TRADE,5964.25,1
2024-11-15 00:32:16.390598,TRADE,5964.25,2
2024-11-15 00:32:16.390654,TRADE,5964.25,2
2024-11-15 00:32:16.797086,TRADE,5964.25,1
2024-11-15 00:32:17.439782,TRADE,5964.25,2
2024-11-15 00:32:17.447545,TRADE,5964.25,1
2024-11-15 00:32:17.447785,TRADE,5964.25,3
2024-11-15 00:32:17.447967,TRADE,5964.25,1
2024-11-15 00:32:18.029425,TRADE,5964.25,1
2024-11-15 00:32:20.502560,TRADE,5964.25,1
2024-11-15 00:32:21.317034,TRADE,5964.5,4
2024-11-15 00:32:21.317518,TRADE,5964.5,10
2024-11-15 00:32:21.317518,TRADE,5964.75,4
2024-11-15 00:32:21.320392,TRADE,5964.5,2
2024-11-15 00:32:21.320563,TRADE,5964.5,1
2024-11-15 00:32:21.320614,TRADE,5964.5,1
2024-11-15 00:32:21.322442,TRADE,5964.5,1
2024-11-15 00:32:21.322660,TRADE,5964.5,1
2024-11-15 00:32:21.322806,TRADE,5964.5,1
2024-11-15 00:32:21.323011,TRADE,5964.5,1
2024-11-15 00:32:21.766713,TRADE,5964.5,1
2024-11-15 00:32:21.766920,TRADE,5964.5,1
2024-11-15 00:32:21.886118,TRADE,5964.25,4
2024-11-15 00:32:23.000745,TRADE,5964.25,3
2024-11-15 00:32:23.795699,TRADE,5964.25,5
2024-11-15 00:32:24.319568,TRADE,5964.25,1
2024-11-15 00:32:24.319568,TRADE,5964.5,3
2024-11-15 00:32:24.319979,TRADE,5964.5,7
2024-11-15 00:32:24.320342,TRADE,5964.5,9
2024-11-15 00:32:24.320553,TRADE,5964.5,1
2024-11-15 00:32:24.320842,TRADE,5964.5,1
2024-11-15 00:32:24.321084,TRADE,5964.5,1
2024-11-15 00:32:24.321130,TRADE,5964.25,1
