time,type,price,size
2024-12-20 00:00:36.867581,TRADE,5871.5,1
2024-12-20 00:00:57.084486,TRADE,5871.25,1
2024-12-20 00:00:57.742036,TRADE,5871.0,1
2024-12-20 00:01:10.133212,TRADE,5872.0,1
2024-12-20 00:02:12.214114,TRADE,5873.0,3
2024-12-20 00:02:12.214114,TRADE,5873.25,1
2024-12-20 00:02:12.214114,TRADE,5873.5,1
2024-12-20 00:04:47.853544,TRADE,5871.0,1
2024-12-20 00:04:48.814858,TRADE,5870.75,1
2024-12-20 00:05:00.203335,TRADE,5869.5,1
2024-12-20 00:05:03.650754,TRADE,5868.75,1
2024-12-20 00:05:20.824971,TRADE,5869.25,1
2024-12-20 00:05:59.501533,TRADE,5869.0,1
2024-12-20 00:06:03.977291,TRADE,5868.5,1
2024-12-20 00:06:03.977291,TRADE,5868.25,1
2024-12-20 00:06:03.977291,TRADE,5868.0,3
2024-12-20 00:06:07.201951,TRADE,5869.5,2
2024-12-20 00:06:34.377491,TRADE,5869.25,3
2024-12-20 00:06:40.972140,TRADE,5869.0,1
2024-12-20 00:07:45.867677,TRADE,5868.0,1
2024-12-20 00:07:45.945539,TRADE,5868.25,1
2024-12-20 00:08:00.609720,TRADE,5867.5,1
2024-12-20 00:08:00.706209,TRADE,5867.75,1
2024-12-20 00:08:00.711939,TRADE,5868.0,2
2024-12-20 00:08:00.819545,TRADE,5868.5,1
2024-12-20 00:08:00.874989,TRADE,5868.75,5
2024-12-20 00:08:00.887215,TRADE,5868.75,1
2024-12-20 00:08:00.899438,TRADE,5868.75,1
2024-12-20 00:08:00.911671,TRADE,5868.75,1
2024-12-20 00:08:00.923903,TRADE,5868.75,1
2024-12-20 00:08:00.936118,TRADE,5868.75,1
2024-12-20 00:08:00.948343,TRADE,5868.75,1
2024-12-20 00:08:00.960402,TRADE,5869.0,3
2024-12-20 00:08:00.971294,TRADE,5869.0,2
2024-12-20 00:08:00.983511,TRADE,5869.0,1
2024-12-20 00:08:01.123673,TRADE,5868.75,1
2024-12-20 00:08:01.135922,TRADE,5869.0,5
2024-12-20 00:08:01.147431,TRADE,5868.75,1
2024-12-20 00:08:01.147431,TRADE,5869.0,1
2024-12-20 00:08:01.150351,TRADE,5868.75,3
2024-12-20 00:08:01.150684,TRADE,5868.75,1
2024-12-20 00:08:01.150734,TRADE,5868.75,1
2024-12-20 00:08:01.150770,TRADE,5868.75,1
2024-12-20 00:08:01.157900,TRADE,5869.0,3
2024-12-20 00:08:06.456286,TRADE,5868.75,1
2024-12-20 00:08:11.621680,TRADE,5869.0,1
2024-12-20 00:08:48.284865,TRADE,5869.0,1
2024-12-20 00:08:49.266056,TRADE,5869.0,1
2024-12-20 00:08:49.266257,TRADE,5868.75,1
2024-12-20 00:09:22.796111,TRADE,5867.75,1
2024-12-20 00:09:38.765989,TRADE,5866.75,1
2024-12-20 00:09:39.128120,TRADE,5866.25,1
2024-12-20 00:09:39.141101,TRADE,5866.25,4
2024-12-20 00:09:39.157880,TRADE,5865.75,1
2024-12-20 00:09:39.159177,TRADE,5865.75,1
2024-12-20 00:09:39.574551,TRADE,5865.0,1
2024-12-20 00:09:39.574585,TRADE,5865.0,1
2024-12-20 00:09:39.587247,TRADE,5865.0,1
2024-12-20 00:09:39.587287,TRADE,5865.0,1
2024-12-20 00:09:39.587370,TRADE,5865.0,1
2024-12-20 00:09:39.696051,TRADE,5865.0,1
2024-12-20 00:09:39.696088,TRADE,5865.0,1
2024-12-20 00:09:39.756738,TRADE,5865.0,5
2024-12-20 00:09:39.789386,TRADE,5865.0,1
2024-12-20 00:09:39.936382,TRADE,5865.0,1
2024-12-20 00:09:39.936493,TRADE,5865.0,1
2024-12-20 00:09:40.013586,TRADE,5865.0,4
2024-12-20 00:09:40.108000,TRADE,5865.0,1
2024-12-20 00:09:40.131184,TRADE,5865.0,1
2024-12-20 00:09:40.431995,TRADE,5865.0,9
2024-12-20 00:09:40.432179,TRADE,5865.0,5
2024-12-20 00:09:40.451090,TRADE,5865.0,1
2024-12-20 00:09:40.451218,TRADE,5865.0,2
2024-12-20 00:09:40.451218,TRADE,5865.0,1
2024-12-20 00:09:40.451255,TRADE,5865.0,1
2024-12-20 00:09:40.451549,TRADE,5865.0,3
2024-12-20 00:09:40.451909,TRADE,5865.0,1
2024-12-20 00:09:40.458991,TRADE,5865.0,2
2024-12-20 00:09:40.459923,TRADE,5865.0,1
2024-12-20 00:09:40.615689,TRADE,5865.0,1
2024-12-20 00:09:40.626430,TRADE,5865.0,1
2024-12-20 00:09:40.626658,TRADE,5865.0,2
2024-12-20 00:09:41.154349,TRADE,5865.0,3
2024-12-20 00:09:41.159811,TRADE,5865.0,1
2024-12-20 00:09:41.168767,TRADE,5865.0,1
2024-12-20 00:09:41.168990,TRADE,5865.0,2
2024-12-20 00:09:42.310682,TRADE,5864.5,1
2024-12-20 00:09:43.019569,TRADE,5864.75,2
2024-12-20 00:09:43.019569,TRADE,5864.5,4
2024-12-20 00:09:43.019569,TRADE,5864.25,3
2024-12-20 00:09:43.019569,TRADE,5864.0,1
2024-12-20 00:09:43.019584,TRADE,5864.0,2
2024-12-20 00:09:43.390835,TRADE,5865.0,1
2024-12-20 00:09:57.847515,TRADE,5864.0,1
2024-12-20 00:10:14.464625,TRADE,5865.25,1
2024-12-20 00:10:19.190520,TRADE,5865.75,1
2024-12-20 00:10:29.078468,TRADE,5865.0,2
2024-12-20 00:10:46.710440,TRADE,5865.0,1
2024-12-20 00:10:46.908112,TRADE,5865.0,1
2024-12-20 00:11:04.901810,TRADE,5865.5,3
2024-12-20 00:11:28.482687,TRADE,5863.75,1
2024-12-20 00:11:29.294878,TRADE,5863.0,2
2024-12-20 00:12:00.671175,TRADE,5861.75,1
2024-12-20 00:12:00.671188,TRADE,5861.0,1
2024-12-20 00:12:05.579633,TRADE,5862.5,2
2024-12-20 00:12:16.785481,TRADE,5863.25,1
2024-12-20 00:12:38.112969,TRADE,5863.25,1
2024-12-20 00:13:33.856609,TRADE,5863.25,1
2024-12-20 00:13:49.861995,TRADE,5863.5,1
2024-12-20 00:13:53.441167,TRADE,5864.0,1
2024-12-20 00:14:07.445392,TRADE,5863.25,1
2024-12-20 00:14:10.869475,TRADE,5863.25,2
2024-12-20 00:14:43.502235,TRADE,5864.0,4
2024-12-20 00:14:43.502496,TRADE,5864.0,2
2024-12-20 00:14:43.502536,TRADE,5864.0,1
2024-12-20 00:14:43.502740,TRADE,5864.0,1
2024-12-20 00:14:43.502889,TRADE,5864.0,1
2024-12-20 00:14:43.502965,TRADE,5864.0,1
2024-12-20 00:14:43.504698,TRADE,5864.0,1
2024-12-20 00:14:55.079447,TRADE,5864.0,1
2024-12-20 00:14:55.079476,TRADE,5864.0,1
2024-12-20 00:14:55.079607,TRADE,5864.0,1
2024-12-20 00:14:55.079655,TRADE,5864.0,1
2024-12-20 00:14:55.079763,TRADE,5864.0,2
2024-12-20 00:14:55.079861,TRADE,5864.0,1
2024-12-20 00:14:55.079861,TRADE,5864.0,1
2024-12-20 00:14:55.079963,TRADE,5864.0,4
2024-12-20 00:14:55.079963,TRADE,5864.0,1
2024-12-20 00:14:55.080575,TRADE,5864.0,1
2024-12-20 00:14:55.080811,TRADE,5864.0,1
2024-12-20 00:14:55.118398,TRADE,5864.0,1
2024-12-20 00:14:55.118628,TRADE,5864.0,1
2024-12-20 00:14:55.118628,TRADE,5864.25,1
2024-12-20 00:15:02.423053,TRADE,5864.25,1
2024-12-20 00:15:05.444456,TRADE,5865.25,2
2024-12-20 00:15:35.432636,TRADE,5862.5,1
2024-12-20 00:16:07.082139,TRADE,5860.25,2
2024-12-20 00:16:07.083394,TRADE,5860.0,1
2024-12-20 00:16:07.083394,TRADE,5859.75,1
2024-12-20 00:16:07.084689,TRADE,5859.5,1
2024-12-20 00:16:07.110325,TRADE,5859.5,1
2024-12-20 00:16:07.125714,TRADE,5859.25,1
2024-12-20 00:16:07.140146,TRADE,5859.25,1
2024-12-20 00:16:10.915084,TRADE,5858.0,1
2024-12-20 00:16:12.196009,TRADE,5858.25,1
2024-12-20 00:16:14.082840,TRADE,5858.5,1
2024-12-20 00:16:17.201232,TRADE,5858.75,1
2024-12-20 00:16:22.186595,TRADE,5856.5,1
2024-12-20 00:16:22.609748,TRADE,5856.5,1
2024-12-20 00:16:34.078644,TRADE,5856.5,1
2024-12-20 00:16:35.446972,TRADE,5856.0,1
2024-12-20 00:16:38.853431,TRADE,5855.75,1
2024-12-20 00:16:42.861478,TRADE,5855.75,1
2024-12-20 00:16:44.279215,TRADE,5855.0,1
2024-12-20 00:16:44.279226,TRADE,5854.75,1
2024-12-20 00:16:48.740910,TRADE,5854.5,1
2024-12-20 00:16:49.400988,TRADE,5854.5,1
2024-12-20 00:16:57.804282,TRADE,5854.75,1
2024-12-20 00:17:08.001297,TRADE,5855.0,1
2024-12-20 00:17:10.137465,TRADE,5854.75,1
2024-12-20 00:17:12.623284,TRADE,5854.5,1
2024-12-20 00:17:30.530220,TRADE,5854.0,1
2024-12-20 00:17:35.084604,TRADE,5854.5,1
2024-12-20 00:17:39.183639,TRADE,5854.25,1
2024-12-20 00:18:36.889810,TRADE,5857.25,1
2024-12-20 00:18:36.910145,TRADE,5857.5,1
2024-12-20 00:18:37.956130,TRADE,5857.25,1
2024-12-20 00:18:37.961805,TRADE,5857.25,1
2024-12-20 00:18:40.960097,TRADE,5857.0,1
2024-12-20 00:18:43.235166,TRADE,5856.75,1
2024-12-20 00:18:43.966585,TRADE,5857.25,1
2024-12-20 00:18:57.942328,TRADE,5857.75,2
2024-12-20 00:19:00.663462,TRADE,5857.5,1
2024-12-20 00:19:03.852953,TRADE,5857.25,1
2024-12-20 00:19:04.007998,TRADE,5856.75,3
2024-12-20 00:19:04.019297,TRADE,5857.0,2
2024-12-20 00:19:04.022356,TRADE,5857.0,1
2024-12-20 00:19:04.039904,TRADE,5857.25,1
2024-12-20 00:19:04.146100,TRADE,5857.25,1
2024-12-20 00:19:11.287234,TRADE,5857.25,1
2024-12-20 00:19:11.826619,TRADE,5857.25,1
2024-12-20 00:19:15.695631,TRADE,5857.25,1
2024-12-20 00:19:27.313203,TRADE,5857.0,1
2024-12-20 00:19:27.313203,TRADE,5856.75,1
2024-12-20 00:19:28.300884,TRADE,5857.5,2
2024-12-20 00:19:28.313375,TRADE,5857.75,1
2024-12-20 00:19:30.312542,TRADE,5857.75,1
2024-12-20 00:19:57.976746,TRADE,5859.25,2
2024-12-20 00:20:02.117137,TRADE,5860.0,1
2024-12-20 00:20:02.117137,TRADE,5860.25,3
2024-12-20 00:20:02.117137,TRADE,5860.5,1
2024-12-20 00:20:10.927905,TRADE,5860.75,1
2024-12-20 00:20:36.915806,TRADE,5861.25,1
2024-12-20 00:20:39.779720,TRADE,5860.75,1
2024-12-20 00:20:41.883134,TRADE,5860.75,1
2024-12-20 00:20:43.341671,TRADE,5860.25,3
2024-12-20 00:20:43.341671,TRADE,5860.0,2
2024-12-20 00:20:48.767424,TRADE,5859.25,1
2024-12-20 00:21:24.868968,TRADE,5859.0,1
2024-12-20 00:21:32.423642,TRADE,5858.75,1
2024-12-20 00:21:32.423642,TRADE,5858.5,1
2024-12-20 00:21:36.380707,TRADE,5857.75,1
2024-12-20 00:21:51.856154,TRADE,5859.25,1
2024-12-20 00:21:58.081229,TRADE,5860.5,1
2024-12-20 00:21:58.081886,TRADE,5860.0,1
2024-12-20 00:22:11.958850,TRADE,5859.75,1
2024-12-20 00:23:30.077400,TRADE,5859.75,1
2024-12-20 00:23:35.387579,TRADE,5859.5,1
2024-12-20 00:23:35.388293,TRADE,5859.5,1
2024-12-20 00:23:35.388343,TRADE,5859.5,1
2024-12-20 00:23:35.388449,TRADE,5859.5,4
2024-12-20 00:23:35.388528,TRADE,5859.5,1
2024-12-20 00:23:37.337877,TRADE,5859.25,1
2024-12-20 00:24:02.218349,TRADE,5858.5,1
2024-12-20 00:24:31.222250,TRADE,5857.25,3
2024-12-20 00:25:04.012226,TRADE,5857.25,1
2024-12-20 00:25:18.862760,TRADE,5857.25,1
2024-12-20 00:25:18.954632,TRADE,5857.25,1
2024-12-20 00:25:18.954666,TRADE,5857.25,1
2024-12-20 00:25:43.979471,TRADE,5857.25,1
2024-12-20 00:26:21.299644,TRADE,5857.25,1
2024-12-20 00:27:22.227172,TRADE,5858.0,1
2024-12-20 00:27:22.232732,TRADE,5858.0,1
2024-12-20 00:27:22.232953,TRADE,5858.0,1
2024-12-20 00:27:22.233000,TRADE,5858.0,1
2024-12-20 00:27:22.233823,TRADE,5858.25,1
2024-12-20 00:27:38.189874,TRADE,5858.75,1
2024-12-20 00:27:38.229969,TRADE,5858.75,1
2024-12-20 00:27:38.261894,TRADE,5858.75,1
2024-12-20 00:27:38.293549,TRADE,5858.75,1
2024-12-20 00:27:38.324854,TRADE,5858.75,1
2024-12-20 00:27:43.614911,TRADE,5858.0,1
2024-12-20 00:27:48.868695,TRADE,5858.75,3
2024-12-20 00:28:00.224851,TRADE,5859.0,3
2024-12-20 00:28:13.495766,TRADE,5858.5,1
2024-12-20 00:28:17.306530,TRADE,5858.0,1
2024-12-20 00:29:00.092962,TRADE,5859.25,6
2024-12-20 00:29:00.092962,TRADE,5859.5,4
2024-12-20 00:29:00.102391,TRADE,5858.75,1
2024-12-20 00:29:00.104823,TRADE,5858.75,1
2024-12-20 00:29:00.779455,TRADE,5859.25,3
2024-12-20 00:29:10.714888,TRADE,5858.75,1
2024-12-20 00:29:18.354864,TRADE,5858.5,1
2024-12-20 00:29:18.365938,TRADE,5858.5,1
2024-12-20 00:29:47.826845,TRADE,5859.0,3
2024-12-20 00:29:48.403565,TRADE,5859.0,2
2024-12-20 00:29:48.415820,TRADE,5859.0,2
2024-12-20 00:29:48.428090,TRADE,5858.75,2
2024-12-20 00:29:48.439960,TRADE,5858.75,1
2024-12-20 00:29:55.036649,TRADE,5859.0,1
2024-12-20 00:29:59.502161,TRADE,5858.5,1
2024-12-20 00:30:18.807086,TRADE,5859.0,1
2024-12-20 00:30:58.980374,TRADE,5859.75,1
2024-12-20 00:31:01.777412,TRADE,5860.25,1
2024-12-20 00:31:01.777412,TRADE,5860.5,4
2024-12-20 00:31:14.932659,TRADE,5860.25,1
2024-12-20 00:31:59.002194,TRADE,5860.75,1
2024-12-20 00:32:02.676842,TRADE,5860.5,1
2024-12-20 00:32:17.378086,TRADE,5861.0,1
2024-12-20 00:32:21.034827,TRADE,5861.25,1
2024-12-20 00:32:38.604721,TRADE,5860.75,1
2024-12-20 00:32:42.711854,TRADE,5860.75,1
2024-12-20 00:32:42.724821,TRADE,5860.75,1
2024-12-20 00:32:42.735935,TRADE,5860.5,2
2024-12-20 00:32:42.742270,TRADE,5860.75,2
2024-12-20 00:32:42.748246,TRADE,5860.5,1
2024-12-20 00:33:48.157648,TRADE,5861.0,1
2024-12-20 00:34:18.202140,TRADE,5860.5,1
2024-12-20 00:34:41.963781,TRADE,5861.0,1
2024-12-20 00:35:07.388610,TRADE,5860.5,2
2024-12-20 00:35:07.388610,TRADE,5860.25,1
2024-12-20 00:35:38.959982,TRADE,5860.25,1
2024-12-20 00:35:48.429592,TRADE,5861.0,1
2024-12-20 00:36:00.642656,TRADE,5861.0,1
2024-12-20 00:36:00.642656,TRADE,5860.75,1
2024-12-20 00:37:02.194390,TRADE,5860.25,1
2024-12-20 00:37:06.842207,TRADE,5860.25,1
2024-12-20 00:37:55.881965,TRADE,5858.25,2
2024-12-20 00:37:55.881980,TRADE,5858.0,1
2024-12-20 00:37:55.881980,TRADE,5858.0,1
2024-12-20 00:37:55.881980,TRADE,5858.0,1
2024-12-20 00:37:55.881980,TRADE,5858.0,1
2024-12-20 00:37:55.881980,TRADE,5858.0,1
2024-12-20 00:37:55.962470,TRADE,5858.5,1
2024-12-20 00:37:56.029463,TRADE,5858.5,2
2024-12-20 00:37:56.029502,TRADE,5858.5,1
2024-12-20 00:37:56.033381,TRADE,5859.0,1
2024-12-20 00:37:56.147724,TRADE,5858.75,2
2024-12-20 00:37:58.040137,TRADE,5858.75,1
2024-12-20 00:37:58.040247,TRADE,5858.5,4
2024-12-20 00:37:58.040336,TRADE,5858.25,4
2024-12-20 00:37:58.052403,TRADE,5858.25,2
2024-12-20 00:37:58.064631,TRADE,5858.25,1
2024-12-20 00:37:58.900064,TRADE,5858.0,3
2024-12-20 00:37:58.900064,TRADE,5857.75,2
2024-12-20 00:37:58.910945,TRADE,5858.0,2
2024-12-20 00:38:00.347298,TRADE,5858.25,1
2024-12-20 00:38:00.347451,TRADE,5858.25,1
2024-12-20 00:38:00.347537,TRADE,5858.25,2
2024-12-20 00:38:00.347579,TRADE,5858.25,1
2024-12-20 00:38:00.359535,TRADE,5858.0,3
2024-12-20 00:38:00.371779,TRADE,5858.0,2
2024-12-20 00:38:00.384026,TRADE,5858.0,2
2024-12-20 00:38:00.396263,TRADE,5858.0,1
2024-12-20 00:38:00.396296,TRADE,5857.75,1
2024-12-20 00:38:00.396587,TRADE,5858.0,1
2024-12-20 00:38:00.397520,TRADE,5858.25,1
2024-12-20 00:38:05.119532,TRADE,5858.0,1
2024-12-20 00:38:10.982601,TRADE,5857.25,1
2024-12-20 00:38:18.054873,TRADE,5857.0,1
2024-12-20 00:38:31.828335,TRADE,5858.0,1
2024-12-20 00:38:31.828379,TRADE,5858.0,1
2024-12-20 00:39:21.046463,TRADE,5858.5,1
2024-12-20 00:39:24.511979,TRADE,5858.0,1
2024-12-20 00:39:55.834529,TRADE,5858.75,1
2024-12-20 00:41:05.616575,TRADE,5857.25,1
2024-12-20 00:41:05.995340,TRADE,5857.0,1
2024-12-20 00:41:27.647066,TRADE,5856.25,1
2024-12-20 00:41:27.660715,TRADE,5856.25,1
2024-12-20 00:41:36.544951,TRADE,5855.75,2
2024-12-20 00:41:36.544951,TRADE,5855.5,5
2024-12-20 00:41:36.544951,TRADE,5855.25,3
2024-12-20 00:41:48.600263,TRADE,5856.0,1
2024-12-20 00:42:02.284822,TRADE,5855.75,3
2024-12-20 00:42:25.802449,TRADE,5856.0,2
2024-12-20 00:42:40.464882,TRADE,5856.25,1
2024-12-20 00:42:40.484004,TRADE,5856.25,1
2024-12-20 00:42:41.486536,TRADE,5856.25,1
2024-12-20 00:42:41.701740,TRADE,5856.5,1
2024-12-20 00:42:41.701774,TRADE,5856.5,1
2024-12-20 00:43:23.470233,TRADE,5854.75,2
2024-12-20 00:43:27.262756,TRADE,5855.25,1
2024-12-20 00:44:01.974752,TRADE,5853.5,1
2024-12-20 00:44:30.913079,TRADE,5854.25,1
2024-12-20 00:44:32.514836,TRADE,5853.75,1
2024-12-20 00:44:37.752926,TRADE,5854.0,1
2024-12-20 00:44:44.426575,TRADE,5854.25,1
2024-12-20 00:44:51.452302,TRADE,5853.75,1
2024-12-20 00:45:29.568922,TRADE,5855.0,1
2024-12-20 00:46:09.669734,TRADE,5855.0,1
2024-12-20 00:46:09.671221,TRADE,5854.5,1
2024-12-20 00:47:05.909818,TRADE,5854.75,2
2024-12-20 00:47:14.506580,TRADE,5853.25,1
2024-12-20 00:47:16.159394,TRADE,5853.0,1
2024-12-20 00:47:16.267307,TRADE,5853.0,3
2024-12-20 00:47:32.701210,TRADE,5853.25,2
2024-12-20 00:47:42.108486,TRADE,5853.75,1
2024-12-20 00:47:42.208564,TRADE,5853.75,1
2024-12-20 00:49:01.014607,TRADE,5854.0,1
2024-12-20 00:49:26.629536,TRADE,5854.25,1
2024-12-20 00:50:37.836132,TRADE,5853.75,2
2024-12-20 00:50:38.465604,TRADE,5853.25,1
2024-12-20 00:50:40.278472,TRADE,5853.0,5
2024-12-20 00:50:40.278472,TRADE,5852.75,4
2024-12-20 00:50:40.435434,TRADE,5852.75,1
2024-12-20 00:51:05.523209,TRADE,5852.25,1
2024-12-20 00:51:06.468364,TRADE,5852.5,1
2024-12-20 00:51:14.133160,TRADE,5852.5,1
2024-12-20 00:51:45.225301,TRADE,5852.0,1
2024-12-20 00:51:50.825483,TRADE,5851.75,1
2024-12-20 00:51:55.097700,TRADE,5852.25,1
2024-12-20 00:52:17.237894,TRADE,5852.25,1
2024-12-20 00:52:20.464942,TRADE,5851.75,8
2024-12-20 00:52:20.464942,TRADE,5851.5,2
2024-12-20 00:52:38.205103,TRADE,5852.5,1
2024-12-20 00:52:38.205174,TRADE,5852.5,1
2024-12-20 00:52:38.205250,TRADE,5852.5,1
2024-12-20 00:52:45.881550,TRADE,5853.0,1
2024-12-20 00:52:57.126824,TRADE,5851.25,1
2024-12-20 00:52:57.126824,TRADE,5851.25,1
2024-12-20 00:52:57.126974,TRADE,5851.25,1
2024-12-20 00:52:57.127750,TRADE,5851.25,1
2024-12-20 00:52:57.128561,TRADE,5851.0,1
2024-12-20 00:52:57.130152,TRADE,5850.75,1
2024-12-20 00:52:57.130280,TRADE,5850.75,1
2024-12-20 00:52:57.130722,TRADE,5850.75,1
2024-12-20 00:52:57.130819,TRADE,5850.75,1
2024-12-20 00:52:57.130819,TRADE,5850.75,1
2024-12-20 00:52:57.131020,TRADE,5850.75,1
2024-12-20 00:52:57.131020,TRADE,5850.75,1
2024-12-20 00:52:57.131305,TRADE,5850.75,1
2024-12-20 00:52:57.131775,TRADE,5850.75,1
2024-12-20 00:52:57.131992,TRADE,5850.5,1
2024-12-20 00:52:57.134261,TRADE,5850.25,1
2024-12-20 00:52:57.137195,TRADE,5850.25,1
2024-12-20 00:52:57.142053,TRADE,5850.5,1
2024-12-20 00:52:57.165109,TRADE,5850.25,1
2024-12-20 00:52:57.175220,TRADE,5850.25,1
2024-12-20 00:52:57.175354,TRADE,5850.25,1
2024-12-20 00:52:57.175382,TRADE,5850.25,1
2024-12-20 00:52:57.175763,TRADE,5850.25,1
2024-12-20 00:52:57.175815,TRADE,5850.25,2
2024-12-20 00:52:57.175887,TRADE,5850.25,1
2024-12-20 00:52:57.175983,TRADE,5850.25,1
2024-12-20 00:52:57.176026,TRADE,5850.25,1
2024-12-20 00:52:57.176927,TRADE,5850.25,1
2024-12-20 00:52:58.460352,TRADE,5850.5,2
2024-12-20 00:52:58.460352,TRADE,5850.25,5
2024-12-20 00:53:03.583485,TRADE,5851.25,1
2024-12-20 00:53:14.123412,TRADE,5850.25,1
2024-12-20 00:53:14.266920,TRADE,5850.25,1
2024-12-20 00:53:14.805774,TRADE,5850.0,1
2024-12-20 00:53:22.209439,TRADE,5850.0,1
2024-12-20 00:53:32.855842,TRADE,5850.0,1
2024-12-20 00:53:40.701729,TRADE,5850.25,1
2024-12-20 00:54:32.805073,TRADE,5850.75,1
2024-12-20 00:54:37.310886,TRADE,5850.25,1
2024-12-20 00:54:45.260708,TRADE,5850.25,1
2024-12-20 00:54:47.071690,TRADE,5850.0,1
2024-12-20 00:55:21.965642,TRADE,5850.5,1
2024-12-20 00:55:26.617519,TRADE,5850.75,1
2024-12-20 00:55:34.905232,TRADE,5851.75,1
2024-12-20 00:55:47.768031,TRADE,5851.25,1
2024-12-20 00:56:40.006181,TRADE,5849.75,1
2024-12-20 00:57:11.035564,TRADE,5850.0,5
2024-12-20 00:57:11.254973,TRADE,5850.0,1
2024-12-20 00:57:11.255267,TRADE,5850.0,1
2024-12-20 00:57:11.255358,TRADE,5850.0,1
2024-12-20 00:57:11.255358,TRADE,5850.0,1
2024-12-20 00:57:11.255463,TRADE,5850.0,1
2024-12-20 00:57:30.645371,TRADE,5850.0,1
2024-12-20 00:57:30.646497,TRADE,5850.0,1
2024-12-20 00:57:34.241752,TRADE,5850.0,1
2024-12-20 00:57:34.241862,TRADE,5850.0,1
2024-12-20 00:57:35.039041,TRADE,5850.0,1
2024-12-20 00:58:37.357056,TRADE,5851.0,1
2024-12-20 00:59:41.988814,TRADE,5849.5,1
2024-12-20 01:00:03.279655,TRADE,5850.75,1
2024-12-20 01:00:03.280065,TRADE,5850.75,1
2024-12-20 01:00:11.164079,TRADE,5850.75,1
2024-12-20 01:00:27.549806,TRADE,5850.25,1
2024-12-20 01:00:31.158164,TRADE,5850.75,1
2024-12-20 01:00:31.158164,TRADE,5850.75,1
2024-12-20 01:00:31.158359,TRADE,5850.75,2
2024-12-20 01:00:40.100598,TRADE,5851.25,1
2024-12-20 01:00:42.185722,TRADE,5851.25,3
2024-12-20 01:00:52.693567,TRADE,5851.5,2
2024-12-20 01:00:55.049061,TRADE,5851.5,1
2024-12-20 01:00:55.049103,TRADE,5851.5,1
2024-12-20 01:01:01.207815,TRADE,5851.0,1
2024-12-20 01:01:07.937150,TRADE,5850.75,1
2024-12-20 01:01:39.476723,TRADE,5850.5,1
2024-12-20 01:01:51.769202,TRADE,5850.5,1
2024-12-20 01:01:51.769267,TRADE,5850.5,1
2024-12-20 01:02:10.548120,TRADE,5850.75,1
2024-12-20 01:02:26.496069,TRADE,5852.0,1
2024-12-20 01:02:43.289611,TRADE,5852.25,1
2024-12-20 01:02:56.381677,TRADE,5852.75,1
2024-12-20 01:02:59.997250,TRADE,5852.5,1
2024-12-20 01:03:28.278443,TRADE,5853.0,1
2024-12-20 01:03:28.293656,TRADE,5853.25,1
2024-12-20 01:03:28.293656,TRADE,5853.5,1
2024-12-20 01:05:45.504035,TRADE,5853.0,1
2024-12-20 01:05:45.504156,TRADE,5853.0,1
2024-12-20 01:05:45.504720,TRADE,5853.0,1
2024-12-20 01:05:45.506075,TRADE,5852.5,1
2024-12-20 01:05:48.092910,TRADE,5852.5,1
2024-12-20 01:05:48.586579,TRADE,5852.0,1
2024-12-20 01:05:49.167621,TRADE,5852.25,1
2024-12-20 01:06:00.952657,TRADE,5851.75,3
2024-12-20 01:06:00.952684,TRADE,5851.75,1
2024-12-20 01:06:08.283369,TRADE,5850.75,1
2024-12-20 01:06:09.630838,TRADE,5850.75,1
2024-12-20 01:06:22.319640,TRADE,5850.5,1
2024-12-20 01:06:27.771012,TRADE,5850.25,1
2024-12-20 01:06:37.412758,TRADE,5850.25,1
2024-12-20 01:06:48.117822,TRADE,5850.0,1
2024-12-20 01:07:07.864073,TRADE,5850.0,1
2024-12-20 01:07:27.782666,TRADE,5850.25,4
2024-12-20 01:08:06.970000,TRADE,5850.75,1
2024-12-20 01:08:06.971245,TRADE,5850.75,1
2024-12-20 01:08:36.734466,TRADE,5850.0,1
2024-12-20 01:08:38.040601,TRADE,5850.0,1
2024-12-20 01:08:42.634092,TRADE,5850.0,1
2024-12-20 01:09:01.334205,TRADE,5850.0,1
2024-12-20 01:09:37.252783,TRADE,5850.5,1
2024-12-20 01:10:03.972931,TRADE,5850.25,1
2024-12-20 01:10:13.076240,TRADE,5850.0,1
2024-12-20 01:10:13.076408,TRADE,5850.0,1
2024-12-20 01:10:13.076451,TRADE,5850.0,1
2024-12-20 01:10:13.076618,TRADE,5850.0,1
2024-12-20 01:10:20.259329,TRADE,5850.5,1
2024-12-20 01:10:24.921069,TRADE,5850.75,1
2024-12-20 01:10:24.921183,TRADE,5850.75,1
2024-12-20 01:10:27.486846,TRADE,5851.0,1
2024-12-20 01:10:27.984520,TRADE,5851.25,1
2024-12-20 01:10:30.911436,TRADE,5850.5,1
2024-12-20 01:11:08.035095,TRADE,5852.0,3
2024-12-20 01:11:08.035137,TRADE,5852.0,1
2024-12-20 01:11:08.035202,TRADE,5852.0,1
2024-12-20 01:11:08.035766,TRADE,5852.0,1
2024-12-20 01:11:23.476551,TRADE,5852.5,1
2024-12-20 01:11:30.034587,TRADE,5853.0,1
2024-12-20 01:11:30.034587,TRADE,5853.25,3
2024-12-20 01:11:30.034587,TRADE,5853.5,1
2024-12-20 01:11:32.250328,TRADE,5853.5,5
2024-12-20 01:11:32.250659,TRADE,5853.5,5
2024-12-20 01:11:33.503187,TRADE,5853.5,1
2024-12-20 01:11:33.503512,TRADE,5853.5,1
2024-12-20 01:11:33.503585,TRADE,5853.5,1
2024-12-20 01:11:33.503941,TRADE,5853.5,1
2024-12-20 01:11:33.504747,TRADE,5853.5,1
2024-12-20 01:11:38.717048,TRADE,5854.0,1
2024-12-20 01:11:38.717048,TRADE,5854.25,4
2024-12-20 01:11:41.982661,TRADE,5854.5,1
2024-12-20 01:11:42.918074,TRADE,5854.5,1
2024-12-20 01:11:43.450090,TRADE,5854.5,1
2024-12-20 01:11:44.592664,TRADE,5854.5,1
2024-12-20 01:11:44.871475,TRADE,5854.5,1
2024-12-20 01:11:44.871503,TRADE,5854.5,1
2024-12-20 01:11:46.091887,TRADE,5854.5,1
2024-12-20 01:11:46.091994,TRADE,5854.5,1
2024-12-20 01:11:46.868575,TRADE,5854.5,1
2024-12-20 01:11:47.781661,TRADE,5854.5,1
2024-12-20 01:11:49.668365,TRADE,5854.0,1
2024-12-20 01:12:06.781801,TRADE,5854.0,2
2024-12-20 01:12:09.673802,TRADE,5853.5,1
2024-12-20 01:12:19.054022,TRADE,5853.25,1
2024-12-20 01:12:23.324609,TRADE,5852.25,1
2024-12-20 01:12:31.435546,TRADE,5851.25,3
2024-12-20 01:12:31.435546,TRADE,5851.0,2
2024-12-20 01:12:35.130292,TRADE,5850.75,1
2024-12-20 01:12:42.968919,TRADE,5850.5,2
2024-12-20 01:13:02.632655,TRADE,5850.75,1
2024-12-20 01:13:35.219671,TRADE,5851.0,1
2024-12-20 01:14:12.406941,TRADE,5849.75,1
2024-12-20 01:14:12.418895,TRADE,5849.75,1
2024-12-20 01:14:13.510439,TRADE,5849.5,1
2024-12-20 01:14:13.510439,TRADE,5849.75,3
2024-12-20 01:14:15.179637,TRADE,5849.25,1
2024-12-20 01:14:21.591514,TRADE,5849.75,1
2024-12-20 01:14:49.077885,TRADE,5850.75,1
2024-12-20 01:15:00.170570,TRADE,5851.0,1
2024-12-20 01:15:04.672430,TRADE,5851.0,1
2024-12-20 01:15:42.272176,TRADE,5853.5,1
2024-12-20 01:15:42.272176,TRADE,5853.75,2
2024-12-20 01:15:42.272176,TRADE,5854.0,2
2024-12-20 01:15:54.586203,TRADE,5854.5,3
2024-12-20 01:15:54.586203,TRADE,5854.75,2
2024-12-20 01:16:23.354032,TRADE,5852.0,1
2024-12-20 01:16:49.634443,TRADE,5852.5,1
2024-12-20 01:16:58.723513,TRADE,5852.0,1
2024-12-20 01:16:58.723545,TRADE,5852.0,1
2024-12-20 01:18:02.959474,TRADE,5852.75,1
2024-12-20 01:18:11.009498,TRADE,5853.0,1
2024-12-20 01:18:15.724383,TRADE,5853.0,1
2024-12-20 01:18:24.574973,TRADE,5853.25,1
2024-12-20 01:18:24.575239,TRADE,5853.25,1
2024-12-20 01:18:24.575355,TRADE,5853.25,1
2024-12-20 01:18:24.575553,TRADE,5853.25,1
2024-12-20 01:18:24.586531,TRADE,5853.25,1
2024-12-20 01:18:34.993106,TRADE,5852.75,1
2024-12-20 01:19:02.000457,TRADE,5852.5,1
2024-12-20 01:19:26.891375,TRADE,5851.25,1
2024-12-20 01:19:27.848926,TRADE,5850.5,4
2024-12-20 01:19:27.848926,TRADE,5850.25,1
2024-12-20 01:20:12.381428,TRADE,5852.0,1
2024-12-20 01:21:42.229177,TRADE,5850.75,1
2024-12-20 01:22:08.700953,TRADE,5850.75,3
2024-12-20 01:22:08.701277,TRADE,5850.75,2
2024-12-20 01:22:48.321604,TRADE,5850.5,1
2024-12-20 01:22:50.127386,TRADE,5850.75,1
2024-12-20 01:23:01.090884,TRADE,5851.5,1
2024-12-20 01:24:23.978038,TRADE,5852.25,1
2024-12-20 01:24:23.978076,TRADE,5852.25,1
2024-12-20 01:24:40.202089,TRADE,5852.5,1
2024-12-20 01:24:40.202330,TRADE,5852.5,1
2024-12-20 01:25:47.065881,TRADE,5851.5,1
2024-12-20 01:26:11.553093,TRADE,5851.5,1
2024-12-20 01:26:14.650982,TRADE,5851.25,1
2024-12-20 01:26:20.019145,TRADE,5851.25,2
2024-12-20 01:26:20.808948,TRADE,5851.25,1
2024-12-20 01:26:25.268157,TRADE,5851.75,1
2024-12-20 01:26:44.839049,TRADE,5852.25,1
2024-12-20 01:27:00.878488,TRADE,5852.0,1
2024-12-20 01:27:01.775442,TRADE,5851.75,1
2024-12-20 01:27:15.575003,TRADE,5852.25,1
2024-12-20 01:27:32.495949,TRADE,5852.5,1
2024-12-20 01:28:07.770920,TRADE,5853.0,1
2024-12-20 01:28:31.746581,TRADE,5853.0,1
2024-12-20 01:29:28.771799,TRADE,5853.5,1
2024-12-20 01:29:40.134079,TRADE,5853.75,1
2024-12-20 01:29:40.134079,TRADE,5854.0,5
2024-12-20 01:29:40.134079,TRADE,5854.25,1
2024-12-20 01:30:03.443724,TRADE,5854.25,1
2024-12-20 01:30:03.463753,TRADE,5854.0,1
2024-12-20 01:30:13.146647,TRADE,5854.25,1
2024-12-20 01:30:17.354951,TRADE,5854.25,1
2024-12-20 01:30:59.089977,TRADE,5854.5,1
2024-12-20 01:31:47.959732,TRADE,5854.0,1
2024-12-20 01:31:47.959767,TRADE,5854.0,1
2024-12-20 01:31:48.791670,TRADE,5853.75,1
2024-12-20 01:31:55.376548,TRADE,5853.5,1
2024-12-20 01:32:01.905986,TRADE,5854.0,1
2024-12-20 01:32:12.262986,TRADE,5854.0,3
2024-12-20 01:32:12.262986,TRADE,5854.25,3
2024-12-20 01:32:45.637216,TRADE,5854.25,2
2024-12-20 01:33:13.692860,TRADE,5854.75,1
2024-12-20 01:33:24.432778,TRADE,5855.0,1
2024-12-20 01:33:24.435211,TRADE,5855.0,1
2024-12-20 01:33:24.435267,TRADE,5855.0,1
2024-12-20 01:33:24.435349,TRADE,5855.0,1
2024-12-20 01:33:24.435531,TRADE,5855.0,6
2024-12-20 01:33:50.513931,TRADE,5855.0,1
2024-12-20 01:33:52.004568,TRADE,5855.5,2
2024-12-20 01:33:55.736822,TRADE,5855.5,1
2024-12-20 01:33:56.637126,TRADE,5855.5,2
2024-12-20 01:33:58.368974,TRADE,5856.0,1
2024-12-20 01:34:32.780784,TRADE,5854.5,1
2024-12-20 01:34:35.641051,TRADE,5854.25,1
2024-12-20 01:35:48.575430,TRADE,5855.25,1
2024-12-20 01:35:51.719032,TRADE,5855.25,1
2024-12-20 01:35:51.719032,TRADE,5855.5,1
2024-12-20 01:35:54.122710,TRADE,5855.25,2
2024-12-20 01:35:59.593886,TRADE,5855.0,1
2024-12-20 01:36:36.020234,TRADE,5854.0,1
2024-12-20 01:36:42.933914,TRADE,5853.75,1
2024-12-20 01:36:44.964495,TRADE,5853.5,1
2024-12-20 01:36:51.186583,TRADE,5854.0,1
2024-12-20 01:36:55.433651,TRADE,5853.5,2
2024-12-20 01:40:21.292213,TRADE,5851.25,1
2024-12-20 01:40:21.300527,TRADE,5851.25,1
2024-12-20 01:40:21.300659,TRADE,5851.25,2
2024-12-20 01:40:21.300689,TRADE,5851.25,1
2024-12-20 01:40:21.370252,TRADE,5851.25,1
2024-12-20 01:40:21.398165,TRADE,5851.25,1
2024-12-20 01:40:21.400149,TRADE,5851.25,1
2024-12-20 01:40:21.400585,TRADE,5851.25,2
2024-12-20 01:40:26.202109,TRADE,5851.0,2
2024-12-20 01:40:48.685331,TRADE,5851.0,1
2024-12-20 01:41:04.573309,TRADE,5851.5,1
2024-12-20 01:41:04.573309,TRADE,5851.25,3
2024-12-20 01:41:39.955210,TRADE,5852.75,1
2024-12-20 01:42:44.306673,TRADE,5851.75,3
2024-12-20 01:42:44.306909,TRADE,5851.75,4
2024-12-20 01:43:06.941443,TRADE,5851.25,1
2024-12-20 01:44:11.177257,TRADE,5851.5,1
2024-12-20 01:47:04.941838,TRADE,5851.25,1
2024-12-20 01:47:16.316128,TRADE,5851.0,1
2024-12-20 01:47:21.449853,TRADE,5850.5,1
2024-12-20 01:47:22.454838,TRADE,5850.5,1
2024-12-20 01:47:26.620868,TRADE,5850.0,1
2024-12-20 01:47:32.604788,TRADE,5849.75,1
2024-12-20 01:48:02.859454,TRADE,5849.75,1
2024-12-20 01:48:39.103306,TRADE,5850.0,1
2024-12-20 01:48:52.484363,TRADE,5849.25,1
2024-12-20 01:48:52.484373,TRADE,5849.0,1
2024-12-20 01:48:52.484373,TRADE,5849.0,1
2024-12-20 01:49:00.732055,TRADE,5848.75,1
2024-12-20 01:49:13.628460,TRADE,5849.0,1
2024-12-20 01:49:13.628460,TRADE,5848.75,5
2024-12-20 01:49:13.628460,TRADE,5848.5,4
2024-12-20 01:49:27.004652,TRADE,5849.25,1
2024-12-20 01:49:56.957506,TRADE,5849.0,1
2024-12-20 01:50:00.064051,TRADE,5849.25,1
2024-12-20 01:50:06.266085,TRADE,5849.25,1
2024-12-20 01:50:07.452513,TRADE,5849.25,1
2024-12-20 01:50:07.488303,TRADE,5849.5,1
2024-12-20 01:50:12.493570,TRADE,5850.0,1
2024-12-20 01:50:12.883135,TRADE,5849.75,3
2024-12-20 01:50:12.883135,TRADE,5849.5,1
2024-12-20 01:50:15.990145,TRADE,5850.0,1
2024-12-20 01:50:16.817785,TRADE,5850.0,1
2024-12-20 01:50:32.558556,TRADE,5852.0,1
2024-12-20 01:51:05.845504,TRADE,5852.0,1
2024-12-20 01:51:19.907499,TRADE,5852.25,1
2024-12-20 01:51:19.947316,TRADE,5852.25,1
2024-12-20 01:51:20.083270,TRADE,5852.25,1
2024-12-20 01:52:03.229662,TRADE,5852.25,1
2024-12-20 01:52:05.887339,TRADE,5852.25,1
2024-12-20 01:52:05.887376,TRADE,5852.25,1
2024-12-20 01:52:36.552210,TRADE,5852.75,1
2024-12-20 01:52:40.663435,TRADE,5853.0,1
2024-12-20 01:52:55.278247,TRADE,5853.25,1
2024-12-20 01:53:00.663389,TRADE,5853.5,4
2024-12-20 01:53:00.663389,TRADE,5853.75,1
2024-12-20 01:53:01.072336,TRADE,5853.25,1
2024-12-20 01:53:01.072336,TRADE,5853.0,1
2024-12-20 01:53:16.383508,TRADE,5853.5,1
2024-12-20 01:53:33.653559,TRADE,5852.25,1
2024-12-20 01:54:30.512708,TRADE,5851.75,1
2024-12-20 01:55:17.900936,TRADE,5852.0,1
2024-12-20 01:56:14.009751,TRADE,5852.0,1
2024-12-20 01:56:54.510120,TRADE,5851.5,1
2024-12-20 01:58:16.109175,TRADE,5851.0,1
2024-12-20 01:58:22.656250,TRADE,5850.5,1
2024-12-20 02:00:02.867437,TRADE,5849.25,1
2024-12-20 02:00:19.332308,TRADE,5849.25,1
2024-12-20 02:00:38.154461,TRADE,5848.0,1
2024-12-20 02:00:38.154478,TRADE,5847.75,1
2024-12-20 02:00:38.155003,TRADE,5847.75,1
2024-12-20 02:00:38.925302,TRADE,5847.75,1
2024-12-20 02:00:53.307677,TRADE,5848.25,1
2024-12-20 02:01:24.738152,TRADE,5847.25,1
2024-12-20 02:01:24.738191,TRADE,5847.25,1
2024-12-20 02:01:29.158046,TRADE,5847.75,1
2024-12-20 02:01:41.223933,TRADE,5847.0,1
2024-12-20 02:01:43.076608,TRADE,5846.75,3
2024-12-20 02:01:43.076608,TRADE,5846.5,1
2024-12-20 02:02:05.102826,TRADE,5847.0,1
2024-12-20 02:02:05.803788,TRADE,5847.0,1
2024-12-20 02:02:08.761743,TRADE,5847.25,1
2024-12-20 02:02:18.435244,TRADE,5846.0,2
2024-12-20 02:02:19.969101,TRADE,5846.5,1
2024-12-20 02:02:22.780430,TRADE,5846.5,2
2024-12-20 02:02:22.780430,TRADE,5846.25,1
2024-12-20 02:03:24.089194,TRADE,5847.25,1
2024-12-20 02:03:27.694522,TRADE,5848.0,1
2024-12-20 02:03:47.647284,TRADE,5847.5,1
2024-12-20 02:03:51.095190,TRADE,5847.5,1
2024-12-20 02:03:53.701232,TRADE,5847.5,1
2024-12-20 02:06:09.118763,TRADE,5847.75,1
2024-12-20 02:06:38.567074,TRADE,5847.0,1
2024-12-20 02:07:27.728036,TRADE,5846.0,1
2024-12-20 02:08:16.947115,TRADE,5845.0,1
2024-12-20 02:08:16.947115,TRADE,5844.75,2
2024-12-20 02:08:16.986373,TRADE,5844.75,3
2024-12-20 02:08:20.452913,TRADE,5844.75,1
2024-12-20 02:08:35.397582,TRADE,5845.0,1
2024-12-20 02:08:35.401503,TRADE,5845.25,1
2024-12-20 02:08:35.405034,TRADE,5845.25,1
2024-12-20 02:08:44.079132,TRADE,5845.0,1
2024-12-20 02:08:44.079132,TRADE,5844.75,4
2024-12-20 02:08:44.079132,TRADE,5844.5,1
2024-12-20 02:08:46.110799,TRADE,5844.75,1
2024-12-20 02:08:46.110799,TRADE,5844.5,2
2024-12-20 02:08:47.343364,TRADE,5844.75,1
2024-12-20 02:08:51.905271,TRADE,5844.75,1
2024-12-20 02:08:51.905475,TRADE,5844.75,1
2024-12-20 02:09:14.226001,TRADE,5845.25,1
2024-12-20 02:09:16.503558,TRADE,5845.25,1
2024-12-20 02:10:01.254594,TRADE,5845.5,1
2024-12-20 02:10:34.750544,TRADE,5846.25,1
2024-12-20 02:10:36.484993,TRADE,5846.0,1
2024-12-20 02:10:36.485032,TRADE,5846.0,1
2024-12-20 02:11:13.439718,TRADE,5846.0,1
2024-12-20 02:11:17.121443,TRADE,5846.5,1
2024-12-20 02:11:39.953029,TRADE,5846.0,1
2024-12-20 02:12:06.758276,TRADE,5846.5,1
2024-12-20 02:13:30.212498,TRADE,5846.5,1
2024-12-20 02:13:32.927214,TRADE,5846.0,1
2024-12-20 02:13:32.927235,TRADE,5846.0,1
2024-12-20 02:13:48.189374,TRADE,5845.0,1
2024-12-20 02:13:49.028186,TRADE,5844.5,1
2024-12-20 02:13:49.028200,TRADE,5844.25,3
2024-12-20 02:13:49.029210,TRADE,5844.5,1
2024-12-20 02:13:49.029210,TRADE,5844.25,1
2024-12-20 02:13:51.277909,TRADE,5844.5,1
2024-12-20 02:14:04.636808,TRADE,5845.25,1
2024-12-20 02:14:11.960709,TRADE,5845.25,1
2024-12-20 02:14:35.854520,TRADE,5845.0,1
2024-12-20 02:14:51.165368,TRADE,5845.5,2
2024-12-20 02:15:02.180188,TRADE,5845.5,1
2024-12-20 02:15:13.222766,TRADE,5845.0,1
2024-12-20 02:16:06.580338,TRADE,5844.75,1
2024-12-20 02:16:24.400971,TRADE,5844.75,1
2024-12-20 02:16:24.402022,TRADE,5844.5,2
2024-12-20 02:16:29.967148,TRADE,5844.75,2
2024-12-20 02:16:29.967148,TRADE,5845.0,8
2024-12-20 02:18:37.698152,TRADE,5844.75,1
2024-12-20 02:18:37.699088,TRADE,5844.75,2
2024-12-20 02:20:31.204508,TRADE,5845.0,2
2024-12-20 02:20:31.204621,TRADE,5845.0,1
2024-12-20 02:22:13.561286,TRADE,5843.75,1
2024-12-20 02:22:13.565025,TRADE,5843.25,1
2024-12-20 02:22:15.110082,TRADE,5843.0,1
2024-12-20 02:22:21.490929,TRADE,5842.25,1
2024-12-20 02:22:48.981749,TRADE,5842.75,1
2024-12-20 02:23:05.848421,TRADE,5842.5,1
2024-12-20 02:23:19.055622,TRADE,5842.25,1
2024-12-20 02:23:23.605896,TRADE,5842.25,1
2024-12-20 02:23:32.886699,TRADE,5841.75,1
2024-12-20 02:23:32.886699,TRADE,5841.5,1
2024-12-20 02:23:33.715107,TRADE,5841.25,3
2024-12-20 02:23:33.715221,TRADE,5841.25,1
2024-12-20 02:23:33.715520,TRADE,5841.25,4
2024-12-20 02:23:33.715520,TRADE,5841.25,4
2024-12-20 02:23:33.715520,TRADE,5841.25,1
2024-12-20 02:23:33.715656,TRADE,5841.25,1
2024-12-20 02:23:33.715656,TRADE,5841.25,1
2024-12-20 02:23:33.715817,TRADE,5841.25,1
2024-12-20 02:23:33.715817,TRADE,5841.25,1
2024-12-20 02:23:33.715817,TRADE,5841.25,1
2024-12-20 02:23:33.716440,TRADE,5841.25,2
2024-12-20 02:23:33.716577,TRADE,5841.25,1
2024-12-20 02:23:33.716785,TRADE,5841.25,1
2024-12-20 02:23:33.780513,TRADE,5841.25,1
2024-12-20 02:23:33.780793,TRADE,5841.25,1
2024-12-20 02:23:33.781026,TRADE,5841.25,1
2024-12-20 02:23:34.640234,TRADE,5841.5,1
2024-12-20 02:23:35.165564,TRADE,5841.0,2
2024-12-20 02:23:41.847472,TRADE,5841.0,1
2024-12-20 02:23:45.097617,TRADE,5841.5,5
2024-12-20 02:23:45.097736,TRADE,5841.5,2
2024-12-20 02:23:48.649873,TRADE,5842.0,1
2024-12-20 02:23:48.649873,TRADE,5842.25,1
2024-12-20 02:24:00.839951,TRADE,5842.25,1
2024-12-20 02:24:06.856315,TRADE,5842.25,1
2024-12-20 02:24:07.757540,TRADE,5842.25,1
2024-12-20 02:24:12.988695,TRADE,5842.25,1
2024-12-20 02:24:12.989867,TRADE,5842.5,1
2024-12-20 02:24:12.990718,TRADE,5842.5,1
2024-12-20 02:24:13.008564,TRADE,5842.75,1
2024-12-20 02:24:13.685976,TRADE,5843.0,1
2024-12-20 02:24:46.885080,TRADE,5842.25,1
2024-12-20 02:25:10.945697,TRADE,5842.75,1
2024-12-20 02:25:13.673777,TRADE,5842.75,1
2024-12-20 02:25:46.097058,TRADE,5843.0,1
2024-12-20 02:25:46.097154,TRADE,5843.0,1
2024-12-20 02:25:50.382524,TRADE,5843.25,1
2024-12-20 02:26:02.863111,TRADE,5843.5,5
2024-12-20 02:26:02.863453,TRADE,5843.5,2
2024-12-20 02:26:02.863578,TRADE,5843.5,1
2024-12-20 02:26:02.863578,TRADE,5843.5,1
2024-12-20 02:26:02.863653,TRADE,5843.5,1
2024-12-20 02:26:05.207830,TRADE,5843.75,1
2024-12-20 02:26:53.583745,TRADE,5845.0,1
2024-12-20 02:26:53.890151,TRADE,5845.0,2
2024-12-20 02:27:16.765963,TRADE,5844.75,1
2024-12-20 02:27:21.541423,TRADE,5844.75,2
2024-12-20 02:27:27.316815,TRADE,5844.5,1
2024-12-20 02:27:27.316873,TRADE,5844.5,1
2024-12-20 02:27:27.317003,TRADE,5844.5,3
2024-12-20 02:27:31.450968,TRADE,5844.75,1
2024-12-20 02:27:45.112194,TRADE,5846.0,2
2024-12-20 02:28:07.309629,TRADE,5845.0,2
2024-12-20 02:28:15.481619,TRADE,5845.5,1
2024-12-20 02:28:56.485185,TRADE,5845.5,1
2024-12-20 02:29:02.073009,TRADE,5845.5,1
2024-12-20 02:29:02.249742,TRADE,5845.5,3
2024-12-20 02:29:48.773131,TRADE,5845.5,1
2024-12-20 02:30:12.585940,TRADE,5845.0,3
2024-12-20 02:30:12.585940,TRADE,5845.25,6
2024-12-20 02:30:12.586391,TRADE,5845.25,3
2024-12-20 02:30:13.813191,TRADE,5844.75,1
2024-12-20 02:30:14.168887,TRADE,5844.5,1
2024-12-20 02:30:14.168887,TRADE,5844.25,2
2024-12-20 02:30:29.923630,TRADE,5843.75,2
2024-12-20 02:30:42.024825,TRADE,5843.25,1
2024-12-20 02:30:42.024841,TRADE,5843.0,1
2024-12-20 02:30:42.024841,TRADE,5842.75,1
2024-12-20 02:30:51.673425,TRADE,5843.25,1
2024-12-20 02:30:52.562376,TRADE,5843.5,1
2024-12-20 02:32:58.621820,TRADE,5842.5,1
2024-12-20 02:33:17.985953,TRADE,5843.25,1
2024-12-20 02:33:31.189217,TRADE,5843.0,1
2024-12-20 02:33:50.038957,TRADE,5843.25,3
2024-12-20 02:33:50.039117,TRADE,5843.25,1
2024-12-20 02:33:50.039443,TRADE,5843.25,3
2024-12-20 02:33:50.040781,TRADE,5843.25,3
2024-12-20 02:33:52.518468,TRADE,5842.5,1
2024-12-20 02:33:52.519144,TRADE,5842.5,1
2024-12-20 02:34:05.890072,TRADE,5842.0,1
2024-12-20 02:34:08.785196,TRADE,5842.0,2
2024-12-20 02:34:41.390973,TRADE,5842.25,1
2024-12-20 02:34:53.146157,TRADE,5842.25,1
2024-12-20 02:34:58.281438,TRADE,5842.25,2
2024-12-20 02:34:58.281468,TRADE,5842.25,1
2024-12-20 02:34:59.188592,TRADE,5842.0,2
2024-12-20 02:35:00.171502,TRADE,5842.25,3
2024-12-20 02:35:00.171565,TRADE,5842.25,1
2024-12-20 02:35:00.171671,TRADE,5842.25,1
2024-12-20 02:35:00.171968,TRADE,5842.25,1
2024-12-20 02:35:00.172035,TRADE,5842.25,1
2024-12-20 02:35:00.172079,TRADE,5842.25,1
2024-12-20 02:35:00.172246,TRADE,5842.25,1
2024-12-20 02:35:09.974187,TRADE,5843.0,1
2024-12-20 02:35:25.450187,TRADE,5842.75,1
2024-12-20 02:37:50.450843,TRADE,5843.75,1
2024-12-20 02:38:18.281943,TRADE,5844.25,1
2024-12-20 02:39:35.067770,TRADE,5844.25,1
2024-12-20 02:39:48.399888,TRADE,5844.5,1
2024-12-20 02:39:50.767423,TRADE,5844.25,1
2024-12-20 02:40:09.082783,TRADE,5845.0,1
2024-12-20 02:40:09.083839,TRADE,5844.75,1
2024-12-20 02:40:09.083839,TRADE,5844.5,2
2024-12-20 02:40:13.227751,TRADE,5845.25,1
2024-12-20 02:40:31.376278,TRADE,5844.5,2
2024-12-20 02:40:31.871046,TRADE,5844.25,1
2024-12-20 02:40:54.872662,TRADE,5843.0,1
2024-12-20 02:40:59.917704,TRADE,5842.75,1
2024-12-20 02:41:08.816191,TRADE,5843.0,1
2024-12-20 02:41:12.352767,TRADE,5843.0,1
2024-12-20 02:41:12.352767,TRADE,5842.75,5
2024-12-20 02:41:12.997258,TRADE,5842.75,5
2024-12-20 02:41:12.997332,TRADE,5842.75,1
2024-12-20 02:41:12.997332,TRADE,5842.75,1
2024-12-20 02:41:12.997627,TRADE,5842.75,1
2024-12-20 02:41:12.997704,TRADE,5842.75,1
2024-12-20 02:41:12.997704,TRADE,5842.75,1
2024-12-20 02:41:12.997735,TRADE,5842.75,2
2024-12-20 02:42:30.211511,TRADE,5843.75,2
2024-12-20 02:42:30.211511,TRADE,5843.5,6
2024-12-20 02:42:30.211511,TRADE,5843.25,6
2024-12-20 02:42:30.211511,TRADE,5843.0,2
2024-12-20 02:42:33.577956,TRADE,5843.5,1
2024-12-20 02:42:37.196856,TRADE,5844.0,1
2024-12-20 02:42:47.756569,TRADE,5844.0,1
2024-12-20 02:42:47.756607,TRADE,5844.0,1
2024-12-20 02:44:13.426739,TRADE,5844.5,1
2024-12-20 02:44:38.211269,TRADE,5844.25,1
2024-12-20 02:44:42.691772,TRADE,5844.75,1
2024-12-20 02:44:48.585669,TRADE,5845.0,1
2024-12-20 02:45:31.075087,TRADE,5845.25,2
2024-12-20 02:45:32.922474,TRADE,5845.5,1
2024-12-20 02:45:36.666065,TRADE,5845.75,4
2024-12-20 02:45:36.827700,TRADE,5845.75,1
2024-12-20 02:45:37.329262,TRADE,5845.75,1
2024-12-20 02:45:40.619246,TRADE,5846.0,1
2024-12-20 02:45:50.470831,TRADE,5845.75,1
2024-12-20 02:45:50.556133,TRADE,5845.75,1
2024-12-20 02:45:50.659893,TRADE,5845.75,1
2024-12-20 02:46:02.146789,TRADE,5846.0,1
2024-12-20 02:46:18.795823,TRADE,5846.0,1
2024-12-20 02:46:33.739409,TRADE,5845.75,1
2024-12-20 02:47:33.205290,TRADE,5845.25,1
2024-12-20 02:49:17.221662,TRADE,5846.0,1
2024-12-20 02:49:18.805399,TRADE,5845.75,1
2024-12-20 02:50:07.210848,TRADE,5845.5,1
2024-12-20 02:50:41.600863,TRADE,5846.25,1
2024-12-20 02:50:41.600888,TRADE,5846.5,1
2024-12-20 02:51:20.659613,TRADE,5847.0,1
2024-12-20 02:51:25.470450,TRADE,5846.75,1
2024-12-20 02:51:45.146495,TRADE,5847.0,5
2024-12-20 02:52:02.394978,TRADE,5847.0,1
2024-12-20 02:52:02.505881,TRADE,5847.0,1
2024-12-20 02:52:29.841308,TRADE,5847.0,1
2024-12-20 02:53:18.009620,TRADE,5847.25,2
2024-12-20 02:53:18.402132,TRADE,5847.25,1
2024-12-20 02:53:42.431245,TRADE,5847.25,1
2024-12-20 02:53:42.431290,TRADE,5847.25,1
2024-12-20 02:53:53.295168,TRADE,5847.25,1
2024-12-20 02:53:53.295238,TRADE,5847.25,1
2024-12-20 02:53:53.295302,TRADE,5847.25,1
2024-12-20 02:53:53.295710,TRADE,5847.25,1
2024-12-20 02:53:53.295758,TRADE,5847.25,1
2024-12-20 02:53:53.295792,TRADE,5847.25,2
2024-12-20 02:53:53.295860,TRADE,5847.25,1
2024-12-20 02:53:53.295966,TRADE,5847.25,1
2024-12-20 02:53:53.296285,TRADE,5847.25,2
2024-12-20 02:53:53.296813,TRADE,5847.25,1
2024-12-20 02:53:53.296849,TRADE,5847.25,1
2024-12-20 02:53:53.296975,TRADE,5847.25,1
2024-12-20 02:53:53.297259,TRADE,5847.25,2
2024-12-20 02:53:53.297805,TRADE,5847.25,1
2024-12-20 02:53:53.298203,TRADE,5847.25,1
2024-12-20 02:53:53.298279,TRADE,5847.25,1
2024-12-20 02:53:53.298551,TRADE,5847.25,1
2024-12-20 02:54:19.952740,TRADE,5847.75,1
2024-12-20 02:54:37.591122,TRADE,5848.0,1
2024-12-20 02:54:59.232473,TRADE,5848.0,5
2024-12-20 02:54:59.232473,TRADE,5848.25,6
2024-12-20 02:54:59.232473,TRADE,5848.5,8
2024-12-20 02:54:59.232473,TRADE,5848.75,1
2024-12-20 02:55:00.479278,TRADE,5847.75,1
2024-12-20 02:55:02.393192,TRADE,5848.0,2
2024-12-20 02:55:02.393192,TRADE,5848.25,2
2024-12-20 02:55:02.393192,TRADE,5848.5,6
2024-12-20 02:55:02.393192,TRADE,5848.75,6
2024-12-20 02:55:02.393378,TRADE,5848.75,2
2024-12-20 02:55:02.393429,TRADE,5848.75,2
2024-12-20 02:55:03.521049,TRADE,5848.0,1
2024-12-20 02:55:03.711314,TRADE,5848.0,2
2024-12-20 02:55:03.712244,TRADE,5848.0,1
2024-12-20 02:55:18.837350,TRADE,5847.75,1
2024-12-20 02:55:19.280554,TRADE,5848.0,1
2024-12-20 02:55:31.447338,TRADE,5847.75,1
2024-12-20 02:55:31.524859,TRADE,5847.5,1
2024-12-20 02:55:40.088109,TRADE,5847.25,1
2024-12-20 02:55:42.959986,TRADE,5847.5,3
2024-12-20 02:55:42.959986,TRADE,5847.75,3
2024-12-20 02:55:42.959986,TRADE,5848.0,4
2024-12-20 02:55:53.355455,TRADE,5848.0,1
2024-12-20 02:55:56.066985,TRADE,5847.75,2
2024-12-20 02:55:57.057702,TRADE,5847.75,1
2024-12-20 02:55:59.668023,TRADE,5847.5,1
2024-12-20 02:56:01.395986,TRADE,5847.5,1
2024-12-20 02:56:01.991695,TRADE,5847.5,1
2024-12-20 02:56:01.996134,TRADE,5847.5,1
2024-12-20 02:56:10.848350,TRADE,5847.5,1
2024-12-20 02:57:25.017691,TRADE,5847.5,1
2024-12-20 02:58:37.687734,TRADE,5847.5,1
2024-12-20 02:59:47.408340,TRADE,5847.5,1
2024-12-20 03:00:09.214832,TRADE,5847.5,1
2024-12-20 03:00:55.434000,TRADE,5848.0,1
2024-12-20 03:00:55.434000,TRADE,5847.75,1
2024-12-20 03:01:03.606129,TRADE,5848.0,1
2024-12-20 03:01:29.097727,TRADE,5848.25,1
2024-12-20 03:02:23.235942,TRADE,5847.75,1
2024-12-20 03:02:38.538814,TRADE,5849.0,1
2024-12-20 03:03:19.293675,TRADE,5849.25,1
2024-12-20 03:03:19.293675,TRADE,5849.0,1
2024-12-20 03:04:28.561447,TRADE,5848.75,1
2024-12-20 03:04:37.940261,TRADE,5848.5,1
2024-12-20 03:04:51.739087,TRADE,5847.75,1
2024-12-20 03:05:35.717413,TRADE,5848.25,1
2024-12-20 03:07:05.527010,TRADE,5848.5,1
2024-12-20 03:07:15.018539,TRADE,5848.0,1
2024-12-20 03:07:27.569816,TRADE,5847.75,1
2024-12-20 03:07:31.399660,TRADE,5847.75,1
2024-12-20 03:07:34.266232,TRADE,5848.0,1
2024-12-20 03:08:21.740880,TRADE,5848.25,1
2024-12-20 03:10:20.010038,TRADE,5847.0,1
2024-12-20 03:12:42.569426,TRADE,5848.0,1
2024-12-20 03:13:03.342131,TRADE,5847.75,1
2024-12-20 03:13:27.577422,TRADE,5846.5,1
2024-12-20 03:13:47.899238,TRADE,5847.0,1
2024-12-20 03:14:07.696893,TRADE,5846.75,1
2024-12-20 03:14:49.964619,TRADE,5846.75,1
2024-12-20 03:14:56.085132,TRADE,5846.5,2
2024-12-20 03:15:28.308061,TRADE,5846.5,1
2024-12-20 03:15:43.599156,TRADE,5846.75,1
2024-12-20 03:16:00.889007,TRADE,5847.75,2
2024-12-20 03:16:06.800556,TRADE,5847.75,1
2024-12-20 03:17:45.248713,TRADE,5846.75,1
2024-12-20 03:18:55.395498,TRADE,5847.25,1
2024-12-20 03:18:59.740431,TRADE,5847.25,1
2024-12-20 03:19:11.496847,TRADE,5846.75,1
2024-12-20 03:20:08.813853,TRADE,5846.5,1
2024-12-20 03:20:08.814231,TRADE,5846.5,1
2024-12-20 03:20:12.963028,TRADE,5846.5,1
2024-12-20 03:21:01.240034,TRADE,5847.0,1
2024-12-20 03:23:51.024303,TRADE,5849.25,1
2024-12-20 03:24:06.739182,TRADE,5849.5,1
2024-12-20 03:24:13.346635,TRADE,5849.0,1
2024-12-20 03:25:03.068202,TRADE,5848.75,1
2024-12-20 03:25:03.068237,TRADE,5848.75,4
2024-12-20 03:26:07.964585,TRADE,5847.75,1
2024-12-20 03:26:16.379076,TRADE,5848.0,1
2024-12-20 03:26:57.553120,TRADE,5847.75,3
2024-12-20 03:26:57.553533,TRADE,5847.75,1
2024-12-20 03:27:47.576363,TRADE,5847.75,1
2024-12-20 03:27:47.576630,TRADE,5847.75,1
2024-12-20 03:28:06.453123,TRADE,5847.0,1
2024-12-20 03:28:30.452895,TRADE,5847.0,1
2024-12-20 03:29:04.442571,TRADE,5847.25,3
2024-12-20 03:29:04.442571,TRADE,5847.5,8
2024-12-20 03:29:04.442571,TRADE,5847.75,6
2024-12-20 03:29:04.444695,TRADE,5847.75,2
2024-12-20 03:29:04.446239,TRADE,5847.75,3
2024-12-20 03:29:04.447735,TRADE,5847.75,1
2024-12-20 03:29:04.448066,TRADE,5847.75,1
2024-12-20 03:29:04.449694,TRADE,5847.75,1
2024-12-20 03:29:04.451138,TRADE,5847.75,1
2024-12-20 03:29:04.451507,TRADE,5847.75,1
2024-12-20 03:29:04.451507,TRADE,5847.75,1
2024-12-20 03:29:04.452898,TRADE,5847.75,1
2024-12-20 03:29:04.454662,TRADE,5847.75,1
2024-12-20 03:29:04.455005,TRADE,5847.75,1
2024-12-20 03:29:04.455085,TRADE,5847.75,1
2024-12-20 03:29:04.458556,TRADE,5847.75,2
2024-12-20 03:29:04.481939,TRADE,5847.75,1
2024-12-20 03:29:04.721031,TRADE,5847.75,2
2024-12-20 03:29:04.723645,TRADE,5847.75,3
2024-12-20 03:29:05.327640,TRADE,5847.75,1
2024-12-20 03:29:05.327763,TRADE,5847.75,2
2024-12-20 03:29:05.792871,TRADE,5847.75,1
2024-12-20 03:29:05.793279,TRADE,5847.75,1
2024-12-20 03:29:06.402026,TRADE,5847.75,1
2024-12-20 03:29:06.402067,TRADE,5847.75,1
2024-12-20 03:29:06.592214,TRADE,5847.75,3
2024-12-20 03:29:06.594317,TRADE,5847.75,1
2024-12-20 03:29:09.859042,TRADE,5847.75,1
2024-12-20 03:29:10.408114,TRADE,5847.75,1
2024-12-20 03:29:10.410184,TRADE,5847.75,1
2024-12-20 03:29:29.571671,TRADE,5848.0,12
2024-12-20 03:29:34.932018,TRADE,5848.0,1
2024-12-20 03:29:34.932058,TRADE,5848.0,2
2024-12-20 03:29:34.932832,TRADE,5847.5,1
2024-12-20 03:29:34.934310,TRADE,5848.0,3
2024-12-20 03:29:34.935750,TRADE,5848.0,1
2024-12-20 03:29:34.935854,TRADE,5848.0,1
2024-12-20 03:29:34.936047,TRADE,5848.0,1
2024-12-20 03:29:34.937615,TRADE,5848.0,2
2024-12-20 03:29:34.938016,TRADE,5848.0,1
2024-12-20 03:29:34.939421,TRADE,5848.0,1
2024-12-20 03:29:34.939752,TRADE,5848.0,1
2024-12-20 03:29:34.940045,TRADE,5848.0,1
2024-12-20 03:29:34.941017,TRADE,5848.0,1
2024-12-20 03:29:34.941374,TRADE,5848.0,1
2024-12-20 03:29:44.341533,TRADE,5847.75,1
2024-12-20 03:29:50.434356,TRADE,5847.75,1
2024-12-20 03:29:58.766033,TRADE,5847.25,1
2024-12-20 03:30:00.157474,TRADE,5846.5,1
2024-12-20 03:31:40.509495,TRADE,5844.5,1
2024-12-20 03:31:40.509508,TRADE,5844.25,2
2024-12-20 03:31:56.854896,TRADE,5844.0,1
2024-12-20 03:33:13.433440,TRADE,5843.25,1
2024-12-20 03:33:27.582798,TRADE,5843.0,1
2024-12-20 03:34:09.107589,TRADE,5842.75,1
2024-12-20 03:34:09.120725,TRADE,5842.75,1
2024-12-20 03:34:09.120981,TRADE,5842.5,1
2024-12-20 03:34:13.492405,TRADE,5842.5,1
2024-12-20 03:40:43.735361,TRADE,5844.0,1
2024-12-20 03:41:09.067594,TRADE,5843.5,1
2024-12-20 03:42:09.666977,TRADE,5843.25,1
2024-12-20 03:42:45.538454,TRADE,5843.0,1
2024-12-20 03:43:05.959427,TRADE,5842.5,10
2024-12-20 03:43:16.034248,TRADE,5842.25,1
2024-12-20 03:43:16.034351,TRADE,5842.25,2
2024-12-20 03:44:01.811058,TRADE,5842.0,6
2024-12-20 03:44:01.811058,TRADE,5841.75,5
2024-12-20 03:44:01.811808,TRADE,5841.5,5
2024-12-20 03:44:01.815804,TRADE,5841.5,1
2024-12-20 03:44:01.865248,TRADE,5841.25,1
2024-12-20 03:44:01.865287,TRADE,5841.25,1
2024-12-20 03:44:01.869805,TRADE,5841.0,3
2024-12-20 03:44:01.872814,TRADE,5840.75,2
2024-12-20 03:44:02.146333,TRADE,5840.0,2
2024-12-20 03:44:02.146345,TRADE,5840.0,1
2024-12-20 03:44:02.146433,TRADE,5840.0,3
2024-12-20 03:44:02.146643,TRADE,5840.0,31
2024-12-20 03:44:02.146686,TRADE,5840.0,14
2024-12-20 03:44:02.147470,TRADE,5839.75,1
2024-12-20 03:44:02.591405,TRADE,5840.75,1
2024-12-20 03:44:05.215510,TRADE,5840.25,1
2024-12-20 03:44:13.989145,TRADE,5841.25,1
2024-12-20 03:44:37.652668,TRADE,5840.5,1
2024-12-20 03:44:51.879372,TRADE,5840.25,1
2024-12-20 03:45:05.029071,TRADE,5839.0,1
2024-12-20 03:45:05.031316,TRADE,5838.75,1
2024-12-20 03:45:05.036303,TRADE,5838.5,1
2024-12-20 03:45:05.037085,TRADE,5838.25,1
2024-12-20 03:45:15.938428,TRADE,5838.0,1
2024-12-20 03:45:16.251119,TRADE,5837.75,1
2024-12-20 03:45:16.295956,TRADE,5837.75,2
2024-12-20 03:45:16.324895,TRADE,5838.0,1
2024-12-20 03:45:16.739619,TRADE,5838.5,1
2024-12-20 03:45:35.279842,TRADE,5839.0,1
2024-12-20 03:45:50.649209,TRADE,5838.5,1
2024-12-20 03:45:54.419584,TRADE,5838.75,2
2024-12-20 03:45:54.665618,TRADE,5838.25,1
2024-12-20 03:46:04.557563,TRADE,5838.75,1
2024-12-20 03:46:24.894246,TRADE,5838.75,1
2024-12-20 03:46:56.998711,TRADE,5838.0,6
2024-12-20 03:47:35.466038,TRADE,5837.5,1
2024-12-20 03:47:35.969617,TRADE,5837.5,2
2024-12-20 03:49:59.243008,TRADE,5839.5,1
2024-12-20 03:50:05.232547,TRADE,5839.25,1
2024-12-20 03:50:57.806259,TRADE,5840.75,1
2024-12-20 03:51:48.105641,TRADE,5841.5,1
2024-12-20 03:52:34.752719,TRADE,5841.75,1
2024-12-20 03:52:39.854815,TRADE,5841.75,1
2024-12-20 03:52:50.137456,TRADE,5841.25,1
2024-12-20 03:55:02.026172,TRADE,5840.5,2
2024-12-20 03:55:02.026172,TRADE,5840.25,3
2024-12-20 03:55:55.380825,TRADE,5840.5,1
2024-12-20 03:55:58.092027,TRADE,5840.5,1
2024-12-20 03:56:10.534965,TRADE,5840.25,3
2024-12-20 03:56:40.375982,TRADE,5840.0,1
2024-12-20 03:57:21.502610,TRADE,5840.0,1
2024-12-20 03:57:41.522628,TRADE,5839.75,1
2024-12-20 03:59:53.689854,TRADE,5840.25,1
2024-12-20 03:59:56.119217,TRADE,5840.25,1
2024-12-20 03:59:56.231949,TRADE,5840.25,1
2024-12-20 04:00:37.857993,TRADE,5842.5,1
2024-12-20 04:00:43.767666,TRADE,5842.75,1
2024-12-20 04:00:48.957331,TRADE,5843.0,1
2024-12-20 04:00:54.781731,TRADE,5843.0,2
2024-12-20 04:00:56.012036,TRADE,5843.5,1
2024-12-20 04:01:03.827938,TRADE,5844.0,1
2024-12-20 04:01:11.999327,TRADE,5844.5,1
2024-12-20 04:02:30.147178,TRADE,5844.25,1
2024-12-20 04:02:47.261471,TRADE,5844.75,1
2024-12-20 04:02:49.037258,TRADE,5845.0,2
2024-12-20 04:02:57.948249,TRADE,5845.5,1
2024-12-20 04:03:06.553093,TRADE,5845.0,2
2024-12-20 04:03:07.752451,TRADE,5845.0,1
2024-12-20 04:04:19.821861,TRADE,5845.25,1
2024-12-20 04:04:53.533760,TRADE,5846.0,1
2024-12-20 04:06:19.356241,TRADE,5845.75,1
2024-12-20 04:06:29.825945,TRADE,5846.25,1
2024-12-20 04:06:29.923774,TRADE,5846.25,1
2024-12-20 04:06:45.385174,TRADE,5846.25,3
2024-12-20 04:06:45.385174,TRADE,5846.5,10
2024-12-20 04:06:45.385174,TRADE,5846.75,2
2024-12-20 04:06:55.960793,TRADE,5845.75,1
2024-12-20 04:08:06.964559,TRADE,5846.0,1
2024-12-20 04:09:15.882054,TRADE,5846.0,2
2024-12-20 04:10:32.897848,TRADE,5846.0,3
2024-12-20 04:10:32.898048,TRADE,5846.0,7
2024-12-20 04:11:39.097514,TRADE,5845.75,1
2024-12-20 04:11:40.623974,TRADE,5846.5,1
2024-12-20 04:11:51.151204,TRADE,5846.5,1
2024-12-20 04:12:04.587082,TRADE,5846.0,1
2024-12-20 04:12:15.600613,TRADE,5846.5,1
2024-12-20 04:12:22.919894,TRADE,5846.0,1
2024-12-20 04:12:58.935521,TRADE,5845.25,1
2024-12-20 04:14:12.980124,TRADE,5846.0,1
2024-12-20 04:14:54.077712,TRADE,5845.25,1
2024-12-20 04:16:56.064262,TRADE,5844.75,1
2024-12-20 04:17:18.926315,TRADE,5845.25,2
2024-12-20 04:17:18.926315,TRADE,5845.5,9
2024-12-20 04:18:48.393234,TRADE,5844.0,1
2024-12-20 04:18:48.393246,TRADE,5843.75,1
2024-12-20 04:19:46.673534,TRADE,5843.75,1
2024-12-20 04:19:46.673534,TRADE,5843.5,5
2024-12-20 04:19:46.673534,TRADE,5843.25,8
2024-12-20 04:19:46.673534,TRADE,5843.0,1
2024-12-20 04:20:22.216733,TRADE,5843.0,1
2024-12-20 04:20:30.477045,TRADE,5843.5,1
2024-12-20 04:20:53.089169,TRADE,5843.5,1
2024-12-20 04:21:32.187775,TRADE,5843.5,3
2024-12-20 04:21:32.187985,TRADE,5843.5,1
2024-12-20 04:21:57.193663,TRADE,5844.0,1
2024-12-20 04:21:57.269729,TRADE,5844.0,1
2024-12-20 04:21:57.479835,TRADE,5844.0,2
2024-12-20 04:22:30.608466,TRADE,5844.25,1
2024-12-20 04:22:36.985142,TRADE,5844.25,1
2024-12-20 04:23:20.845729,TRADE,5844.5,1
2024-12-20 04:24:20.103758,TRADE,5845.0,1
2024-12-20 04:26:55.397826,TRADE,5844.25,1
2024-12-20 04:27:10.192948,TRADE,5843.75,1
2024-12-20 04:27:10.718800,TRADE,5843.5,2
2024-12-20 04:27:18.461632,TRADE,5843.25,1
2024-12-20 04:27:22.210760,TRADE,5843.25,1
2024-12-20 04:27:26.114671,TRADE,5842.75,1
2024-12-20 04:28:17.879740,TRADE,5843.75,1
2024-12-20 04:28:47.344997,TRADE,5844.0,1
2024-12-20 04:28:56.819612,TRADE,5844.5,1
2024-12-20 04:29:55.559693,TRADE,5843.75,1
2024-12-20 04:30:13.516522,TRADE,5844.0,3
2024-12-20 04:30:17.252095,TRADE,5844.0,3
2024-12-20 04:30:28.353057,TRADE,5844.0,3
2024-12-20 04:31:02.447458,TRADE,5844.75,1
2024-12-20 04:31:07.262102,TRADE,5844.5,1
2024-12-20 04:32:30.518905,TRADE,5844.0,2
2024-12-20 04:33:15.501743,TRADE,5844.0,2
2024-12-20 04:34:09.769145,TRADE,5843.25,1
2024-12-20 04:34:34.305948,TRADE,5843.25,1
2024-12-20 04:35:23.923867,TRADE,5843.5,1
2024-12-20 04:36:28.835136,TRADE,5843.75,3
2024-12-20 04:36:37.020494,TRADE,5844.0,5
2024-12-20 04:36:53.107884,TRADE,5844.0,1
2024-12-20 04:37:15.733669,TRADE,5844.25,1
2024-12-20 04:38:10.932234,TRADE,5844.25,1
2024-12-20 04:39:09.055198,TRADE,5844.75,1
2024-12-20 04:39:26.220724,TRADE,5844.75,1
2024-12-20 04:39:29.055989,TRADE,5844.5,1
2024-12-20 04:39:54.153532,TRADE,5844.0,1
2024-12-20 04:40:50.689630,TRADE,5845.25,1
2024-12-20 04:40:53.990286,TRADE,5844.75,1
2024-12-20 04:41:23.377227,TRADE,5844.5,1
2024-12-20 04:41:39.090359,TRADE,5844.75,1
2024-12-20 04:42:28.615212,TRADE,5844.75,1
2024-12-20 04:42:45.961169,TRADE,5845.0,3
2024-12-20 04:42:45.961169,TRADE,5845.25,2
2024-12-20 04:44:12.589417,TRADE,5844.5,6
2024-12-20 04:44:12.589417,TRADE,5844.25,1
2024-12-20 04:44:14.720559,TRADE,5844.75,1
2024-12-20 04:44:41.744444,TRADE,5845.0,1
2024-12-20 04:45:23.461759,TRADE,5845.0,2
2024-12-20 04:45:45.949399,TRADE,5844.5,1
2024-12-20 04:47:00.610964,TRADE,5844.5,1
2024-12-20 04:47:24.012789,TRADE,5844.75,1
2024-12-20 04:47:26.500098,TRADE,5844.75,3
2024-12-20 04:47:36.760974,TRADE,5845.0,1
2024-12-20 04:47:44.598333,TRADE,5845.5,1
2024-12-20 04:49:08.670870,TRADE,5846.25,3
2024-12-20 04:49:08.670870,TRADE,5846.5,9
2024-12-20 04:49:08.670870,TRADE,5846.75,8
2024-12-20 04:49:25.663736,TRADE,5847.0,2
2024-12-20 04:50:00.986511,TRADE,5846.75,1
2024-12-20 04:50:07.195755,TRADE,5846.5,2
2024-12-20 04:50:26.563635,TRADE,5846.0,1
2024-12-20 04:50:34.830478,TRADE,5846.0,1
2024-12-20 04:50:37.434978,TRADE,5846.25,1
2024-12-20 04:51:10.958325,TRADE,5846.75,1
2024-12-20 04:53:02.058290,TRADE,5847.0,1
2024-12-20 04:53:27.118797,TRADE,5846.5,1
2024-12-20 04:54:02.800244,TRADE,5846.25,1
2024-12-20 04:54:05.195461,TRADE,5846.0,1
2024-12-20 04:54:25.901179,TRADE,5846.0,1
2024-12-20 04:54:56.912720,TRADE,5846.0,5
2024-12-20 04:55:33.586004,TRADE,5846.75,1
2024-12-20 04:55:46.740016,TRADE,5846.5,1
2024-12-20 04:55:46.761339,TRADE,5846.75,1
2024-12-20 04:55:46.998197,TRADE,5847.0,1
2024-12-20 04:56:12.627902,TRADE,5847.75,1
2024-12-20 04:56:12.627902,TRADE,5848.0,4
2024-12-20 04:56:38.061448,TRADE,5847.75,1
2024-12-20 04:57:19.389473,TRADE,5847.5,1
2024-12-20 04:57:25.478995,TRADE,5848.25,1
2024-12-20 04:57:42.527002,TRADE,5848.5,6
2024-12-20 04:57:43.667610,TRADE,5848.5,2
2024-12-20 04:57:45.412016,TRADE,5848.5,2
2024-12-20 04:58:34.099242,TRADE,5849.0,1
2024-12-20 04:58:34.926309,TRADE,5849.0,2
2024-12-20 04:58:34.927435,TRADE,5849.0,4
2024-12-20 04:58:35.594935,TRADE,5849.25,2
2024-12-20 04:58:41.624034,TRADE,5848.75,1
2024-12-20 04:58:41.624034,TRADE,5848.5,1
2024-12-20 04:59:04.616517,TRADE,5848.75,1
2024-12-20 04:59:37.190048,TRADE,5849.25,1
2024-12-20 04:59:52.701905,TRADE,5849.5,1
2024-12-20 05:00:04.139214,TRADE,5849.5,1
2024-12-20 05:00:23.947600,TRADE,5849.25,1
2024-12-20 05:00:34.611191,TRADE,5849.25,1
2024-12-20 05:00:56.609633,TRADE,5849.0,2
2024-12-20 05:01:15.465541,TRADE,5848.0,1
2024-12-20 05:01:17.427028,TRADE,5848.0,1
2024-12-20 05:01:28.636261,TRADE,5848.0,1
2024-12-20 05:01:33.274237,TRADE,5847.5,1
2024-12-20 05:02:25.005832,TRADE,5848.25,1
2024-12-20 05:05:22.612043,TRADE,5849.25,2
2024-12-20 05:05:32.123439,TRADE,5849.25,1
2024-12-20 05:07:01.127294,TRADE,5849.75,1
2024-12-20 05:07:09.762281,TRADE,5849.75,2
2024-12-20 05:07:14.846295,TRADE,5849.75,2
2024-12-20 05:07:18.516595,TRADE,5850.0,2
2024-12-20 05:07:18.517002,TRADE,5850.0,1
2024-12-20 05:07:18.517150,TRADE,5850.0,2
2024-12-20 05:07:18.517150,TRADE,5850.0,1
2024-12-20 05:07:18.517329,TRADE,5850.0,2
2024-12-20 05:07:18.517329,TRADE,5850.0,1
2024-12-20 05:07:18.517329,TRADE,5850.0,1
2024-12-20 05:07:18.517329,TRADE,5850.0,4
2024-12-20 05:07:18.521424,TRADE,5850.0,2
2024-12-20 05:07:18.540252,TRADE,5850.0,2
2024-12-20 05:07:19.798193,TRADE,5850.0,1
2024-12-20 05:07:19.798363,TRADE,5850.0,2
2024-12-20 05:07:19.798915,TRADE,5850.0,1
2024-12-20 05:07:19.799004,TRADE,5850.0,4
2024-12-20 05:07:19.799004,TRADE,5850.0,1
2024-12-20 05:07:25.494478,TRADE,5850.0,2
2024-12-20 05:07:32.596329,TRADE,5850.0,1
2024-12-20 05:07:32.596377,TRADE,5850.0,1
2024-12-20 05:07:32.596557,TRADE,5850.0,4
2024-12-20 05:07:32.596604,TRADE,5850.0,4
2024-12-20 05:07:32.596672,TRADE,5850.0,2
2024-12-20 05:07:32.596672,TRADE,5850.0,2
2024-12-20 05:07:32.596749,TRADE,5850.0,1
2024-12-20 05:07:32.596749,TRADE,5850.0,2
2024-12-20 05:07:32.596829,TRADE,5850.0,1
2024-12-20 05:07:32.596948,TRADE,5850.0,1
2024-12-20 05:07:32.598121,TRADE,5850.0,1
2024-12-20 05:07:32.598369,TRADE,5850.0,1
2024-12-20 05:07:32.598437,TRADE,5850.0,1
2024-12-20 05:07:32.598501,TRADE,5850.0,1
2024-12-20 05:07:32.598892,TRADE,5850.0,2
2024-12-20 05:07:32.598961,TRADE,5850.0,1
2024-12-20 05:07:34.203034,TRADE,5850.0,2
2024-12-20 05:07:34.203071,TRADE,5850.0,5
2024-12-20 05:07:34.203129,TRADE,5850.0,1
2024-12-20 05:07:34.203251,TRADE,5850.0,2
2024-12-20 05:07:34.203341,TRADE,5850.0,2
2024-12-20 05:07:34.203447,TRADE,5850.0,1
2024-12-20 05:07:34.203761,TRADE,5850.0,1
2024-12-20 05:07:34.203761,TRADE,5850.0,1
2024-12-20 05:07:34.569437,TRADE,5850.0,2
2024-12-20 05:07:35.107977,TRADE,5849.75,1
2024-12-20 05:07:41.547297,TRADE,5849.75,1
2024-12-20 05:07:54.101583,TRADE,5850.0,2
2024-12-20 05:08:01.501760,TRADE,5850.0,2
2024-12-20 05:08:02.952275,TRADE,5850.0,2
2024-12-20 05:08:02.952458,TRADE,5850.0,1
2024-12-20 05:08:03.216639,TRADE,5850.0,1
2024-12-20 05:08:03.217235,TRADE,5850.0,1
2024-12-20 05:08:03.217348,TRADE,5850.0,5
2024-12-20 05:08:03.217348,TRADE,5850.0,5
2024-12-20 05:08:03.217348,TRADE,5850.0,1
2024-12-20 05:08:03.217490,TRADE,5850.0,2
2024-12-20 05:08:03.217490,TRADE,5850.0,1
2024-12-20 05:08:03.217490,TRADE,5850.0,2
2024-12-20 05:08:03.217935,TRADE,5850.0,1
2024-12-20 05:08:06.936384,TRADE,5849.75,1
2024-12-20 05:08:13.750915,TRADE,5849.75,2
2024-12-20 05:08:14.175361,TRADE,5850.0,2
2024-12-20 05:08:14.175399,TRADE,5850.0,2
2024-12-20 05:08:35.117936,TRADE,5850.0,1
2024-12-20 05:08:35.567927,TRADE,5849.75,1
2024-12-20 05:08:37.889160,TRADE,5849.75,1
2024-12-20 05:09:02.532568,TRADE,5850.0,1
2024-12-20 05:09:41.447784,TRADE,5849.5,1
2024-12-20 05:09:52.129125,TRADE,5850.0,1
2024-12-20 05:10:02.236981,TRADE,5850.25,3
2024-12-20 05:11:40.151264,TRADE,5850.25,1
2024-12-20 05:11:55.754845,TRADE,5851.0,1
2024-12-20 05:11:55.754862,TRADE,5851.25,1
2024-12-20 05:11:55.781119,TRADE,5851.25,1
2024-12-20 05:12:55.627351,TRADE,5852.25,3
2024-12-20 05:12:55.627363,TRADE,5852.25,1
2024-12-20 05:12:55.627363,TRADE,5852.5,1
2024-12-20 05:13:03.951392,TRADE,5851.75,1
2024-12-20 05:13:03.958764,TRADE,5851.75,1
2024-12-20 05:13:08.002214,TRADE,5851.5,1
2024-12-20 05:13:09.208607,TRADE,5851.5,1
2024-12-20 05:13:34.448328,TRADE,5851.75,1
2024-12-20 05:14:20.209894,TRADE,5851.75,1
2024-12-20 05:15:05.484933,TRADE,5850.75,1
2024-12-20 05:15:06.450952,TRADE,5850.5,1
2024-12-20 05:16:19.196656,TRADE,5849.0,1
2024-12-20 05:16:20.245937,TRADE,5848.75,3
2024-12-20 05:17:55.366129,TRADE,5848.5,2
2024-12-20 05:18:00.176936,TRADE,5848.0,1
2024-12-20 05:18:24.520835,TRADE,5848.5,2
2024-12-20 05:18:31.485485,TRADE,5849.25,1
2024-12-20 05:18:32.746905,TRADE,5849.25,1
2024-12-20 05:19:54.929376,TRADE,5849.25,3
2024-12-20 05:20:28.863471,TRADE,5850.0,3
2024-12-20 05:20:42.431097,TRADE,5850.5,1
2024-12-20 05:20:57.252047,TRADE,5850.5,1
2024-12-20 05:21:27.888633,TRADE,5850.75,1
2024-12-20 05:21:41.132355,TRADE,5851.0,1
2024-12-20 05:21:46.785559,TRADE,5851.0,1
2024-12-20 05:21:52.614113,TRADE,5851.5,1
2024-12-20 05:22:08.402978,TRADE,5851.0,1
2024-12-20 05:22:34.528451,TRADE,5850.5,1
2024-12-20 05:22:55.537948,TRADE,5850.5,3
2024-12-20 05:22:56.074200,TRADE,5850.75,1
2024-12-20 05:23:12.779061,TRADE,5850.5,1
2024-12-20 05:23:32.994036,TRADE,5850.5,1
2024-12-20 05:24:02.439418,TRADE,5850.25,1
2024-12-20 05:24:07.929984,TRADE,5850.25,1
2024-12-20 05:24:11.176095,TRADE,5850.0,1
2024-12-20 05:24:11.176841,TRADE,5850.25,1
2024-12-20 05:24:38.517638,TRADE,5850.0,3
2024-12-20 05:24:38.517707,TRADE,5850.0,1
2024-12-20 05:24:41.928277,TRADE,5850.0,1
2024-12-20 05:24:52.519646,TRADE,5850.0,1
2024-12-20 05:25:17.545826,TRADE,5850.0,3
2024-12-20 05:25:18.154622,TRADE,5850.0,2
2024-12-20 05:25:28.057539,TRADE,5850.0,3
2024-12-20 05:25:28.057617,TRADE,5850.0,2
2024-12-20 05:25:59.599048,TRADE,5850.75,1
2024-12-20 05:26:12.423683,TRADE,5850.25,1
2024-12-20 05:28:18.851553,TRADE,5850.25,1
2024-12-20 05:29:32.532917,TRADE,5850.25,1
2024-12-20 05:32:35.498782,TRADE,5849.25,1
2024-12-20 05:32:36.700155,TRADE,5849.0,1
2024-12-20 05:33:04.891525,TRADE,5848.5,1
2024-12-20 05:33:04.891617,TRADE,5848.5,1
2024-12-20 05:33:20.522902,TRADE,5848.25,1
2024-12-20 05:34:31.506345,TRADE,5848.0,1
2024-12-20 05:36:12.889233,TRADE,5848.5,1
2024-12-20 05:36:33.676698,TRADE,5848.75,1
2024-12-20 05:36:45.790124,TRADE,5848.75,1
2024-12-20 05:37:23.023994,TRADE,5848.0,1
2024-12-20 05:40:15.749551,TRADE,5848.25,1
2024-12-20 05:40:54.244820,TRADE,5848.0,1
2024-12-20 05:41:02.025569,TRADE,5848.75,1
2024-12-20 05:41:43.638726,TRADE,5849.5,1
2024-12-20 05:42:27.597242,TRADE,5850.0,1
2024-12-20 05:42:30.854884,TRADE,5850.0,1
2024-12-20 05:42:50.644577,TRADE,5850.5,1
2024-12-20 05:42:50.644589,TRADE,5850.75,2
2024-12-20 05:42:55.446956,TRADE,5850.25,1
2024-12-20 05:43:05.066745,TRADE,5850.25,1
2024-12-20 05:43:58.962058,TRADE,5850.25,2
2024-12-20 05:45:13.301161,TRADE,5849.75,2
2024-12-20 05:46:13.103699,TRADE,5849.75,1
2024-12-20 05:46:19.671445,TRADE,5849.5,1
2024-12-20 05:46:57.881205,TRADE,5849.75,1
2024-12-20 05:46:57.887736,TRADE,5849.5,1
2024-12-20 05:47:20.125664,TRADE,5849.5,1
2024-12-20 05:47:23.569647,TRADE,5849.5,1
2024-12-20 05:47:26.538308,TRADE,5850.0,1
2024-12-20 05:47:39.310135,TRADE,5849.5,1
2024-12-20 05:47:42.806625,TRADE,5849.75,1
2024-12-20 05:47:55.107793,TRADE,5849.75,1
2024-12-20 05:47:55.107793,TRADE,5850.0,1
2024-12-20 05:49:16.991779,TRADE,5849.75,1
2024-12-20 05:49:44.444051,TRADE,5849.75,1
2024-12-20 05:51:44.818030,TRADE,5851.0,1
2024-12-20 05:52:35.455028,TRADE,5850.75,1
2024-12-20 05:54:29.007446,TRADE,5851.0,2
2024-12-20 05:55:09.580160,TRADE,5851.0,1
2024-12-20 05:55:09.580908,TRADE,5851.25,1
2024-12-20 05:56:21.928316,TRADE,5851.0,1
2024-12-20 05:58:30.084592,TRADE,5850.75,1
2024-12-20 05:59:07.816449,TRADE,5851.5,1
2024-12-20 05:59:20.747256,TRADE,5852.0,2
2024-12-20 05:59:38.022663,TRADE,5852.25,1
2024-12-20 06:00:07.978691,TRADE,5852.0,1
2024-12-20 06:00:36.825442,TRADE,5851.75,1
2024-12-20 06:01:03.201214,TRADE,5851.75,1
2024-12-20 06:01:29.114286,TRADE,5851.25,1
2024-12-20 06:01:59.024258,TRADE,5851.25,1
2024-12-20 06:03:12.221552,TRADE,5851.5,1
2024-12-20 06:03:52.471604,TRADE,5850.75,1
2024-12-20 06:05:02.727317,TRADE,5851.5,1
2024-12-20 06:05:12.730860,TRADE,5851.5,1
2024-12-20 06:05:27.428777,TRADE,5851.5,1
2024-12-20 06:05:28.165575,TRADE,5851.5,1
2024-12-20 06:05:30.439596,TRADE,5851.5,1
2024-12-20 06:05:31.672909,TRADE,5851.5,2
2024-12-20 06:05:39.545363,TRADE,5851.5,1
2024-12-20 06:06:26.201030,TRADE,5852.25,1
2024-12-20 06:06:37.613956,TRADE,5852.25,1
2024-12-20 06:07:00.170785,TRADE,5852.5,2
2024-12-20 06:07:48.034391,TRADE,5852.0,1
2024-12-20 06:07:48.034391,TRADE,5852.25,3
2024-12-20 06:08:18.776329,TRADE,5852.5,1
2024-12-20 06:08:25.358670,TRADE,5852.0,1
2024-12-20 06:08:25.358670,TRADE,5851.75,4
2024-12-20 06:08:25.358670,TRADE,5851.5,2
2024-12-20 06:08:25.358670,TRADE,5851.5,4
2024-12-20 06:08:25.358910,TRADE,5851.25,7
2024-12-20 06:08:43.282560,TRADE,5851.5,1
2024-12-20 06:08:49.300274,TRADE,5850.0,1
2024-12-20 06:08:58.272171,TRADE,5848.25,1
2024-12-20 06:08:58.272190,TRADE,5848.0,1
2024-12-20 06:09:05.288946,TRADE,5849.0,1
2024-12-20 06:11:40.459247,TRADE,5849.25,2
2024-12-20 06:11:41.206502,TRADE,5849.25,1
2024-12-20 06:11:41.500881,TRADE,5849.25,1
2024-12-20 06:11:41.899890,TRADE,5849.25,1
2024-12-20 06:11:46.751800,TRADE,5849.5,1
2024-12-20 06:11:47.469540,TRADE,5849.5,1
2024-12-20 06:11:52.192756,TRADE,5849.5,1
2024-12-20 06:11:52.370583,TRADE,5849.5,1
2024-12-20 06:12:09.320311,TRADE,5849.75,2
2024-12-20 06:12:47.176830,TRADE,5849.5,1
2024-12-20 06:13:25.570615,TRADE,5850.0,1
2024-12-20 06:13:36.970820,TRADE,5850.25,1
2024-12-20 06:14:13.066717,TRADE,5850.5,1
2024-12-20 06:14:15.297215,TRADE,5851.0,1
2024-12-20 06:14:23.509724,TRADE,5851.5,1
2024-12-20 06:14:48.058257,TRADE,5851.5,1
2024-12-20 06:14:50.040684,TRADE,5851.25,1
2024-12-20 06:14:52.983212,TRADE,5851.25,1
2024-12-20 06:15:06.879231,TRADE,5852.0,1
2024-12-20 06:15:14.064644,TRADE,5851.75,1
2024-12-20 06:15:34.641492,TRADE,5851.75,1
2024-12-20 06:17:08.233969,TRADE,5852.0,1
2024-12-20 06:18:07.218515,TRADE,5852.5,1
2024-12-20 06:18:07.218609,TRADE,5852.5,1
2024-12-20 06:18:20.076146,TRADE,5852.75,1
2024-12-20 06:19:19.172281,TRADE,5852.75,1
2024-12-20 06:19:32.423311,TRADE,5853.0,1
2024-12-20 06:19:33.550372,TRADE,5853.0,2
2024-12-20 06:19:33.550372,TRADE,5853.25,2
2024-12-20 06:19:33.554334,TRADE,5853.75,1
2024-12-20 06:19:33.567804,TRADE,5854.0,1
2024-12-20 06:21:01.174036,TRADE,5853.5,1
2024-12-20 06:21:02.213000,TRADE,5853.5,1
2024-12-20 06:21:02.213297,TRADE,5853.5,1
2024-12-20 06:21:20.857864,TRADE,5853.75,1
2024-12-20 06:21:37.435379,TRADE,5854.0,1
2024-12-20 06:21:50.024752,TRADE,5854.5,1
2024-12-20 06:22:30.961106,TRADE,5854.75,1
2024-12-20 06:22:33.681604,TRADE,5854.5,1
2024-12-20 06:24:11.007256,TRADE,5854.5,1
2024-12-20 06:25:23.033624,TRADE,5854.25,1
2024-12-20 06:26:40.203300,TRADE,5855.0,1
2024-12-20 06:26:50.214029,TRADE,5855.0,1
2024-12-20 06:26:51.242596,TRADE,5855.0,1
2024-12-20 06:26:55.404060,TRADE,5855.0,1
2024-12-20 06:26:55.404292,TRADE,5855.0,1
2024-12-20 06:27:05.136371,TRADE,5855.25,1
2024-12-20 06:27:27.365919,TRADE,5855.5,1
2024-12-20 06:28:07.874670,TRADE,5855.5,1
2024-12-20 06:29:08.871172,TRADE,5855.75,1
2024-12-20 06:29:39.742613,TRADE,5855.25,2
2024-12-20 06:30:22.862066,TRADE,5854.75,1
2024-12-20 06:30:33.314585,TRADE,5855.0,1
2024-12-20 06:31:11.189098,TRADE,5855.75,1
2024-12-20 06:31:11.204387,TRADE,5856.0,3
2024-12-20 06:31:11.204444,TRADE,5856.0,3
2024-12-20 06:31:11.204508,TRADE,5856.0,1
2024-12-20 06:31:23.849556,TRADE,5855.5,1
2024-12-20 06:35:26.535270,TRADE,5855.5,1
2024-12-20 06:35:38.085236,TRADE,5856.0,1
2024-12-20 06:35:56.425258,TRADE,5856.5,1
2024-12-20 06:36:12.520878,TRADE,5856.25,5
2024-12-20 06:36:12.520878,TRADE,5856.0,2
2024-12-20 06:36:33.615598,TRADE,5856.5,1
2024-12-20 06:36:49.524388,TRADE,5856.75,1
2024-12-20 06:37:19.618882,TRADE,5856.5,1
2024-12-20 06:38:00.081480,TRADE,5856.75,1
2024-12-20 06:38:02.240719,TRADE,5856.5,1
2024-12-20 06:38:51.666242,TRADE,5856.75,1
2024-12-20 06:39:55.928388,TRADE,5857.0,1
2024-12-20 06:40:19.774611,TRADE,5857.0,1
2024-12-20 06:41:01.980289,TRADE,5857.25,1
2024-12-20 06:41:19.188528,TRADE,5857.25,1
2024-12-20 06:41:33.243363,TRADE,5858.0,2
2024-12-20 06:41:36.616446,TRADE,5858.25,1
2024-12-20 06:41:36.782604,TRADE,5858.5,1
2024-12-20 06:41:40.124165,TRADE,5858.0,1
2024-12-20 06:41:48.570082,TRADE,5857.75,1
2024-12-20 06:41:59.744970,TRADE,5858.0,1
2024-12-20 06:44:15.944170,TRADE,5857.75,1
2024-12-20 06:44:53.623625,TRADE,5857.5,1
2024-12-20 06:45:21.060954,TRADE,5858.25,1
2024-12-20 06:45:27.242443,TRADE,5858.0,1
2024-12-20 06:46:08.252845,TRADE,5857.75,1
2024-12-20 06:46:08.252845,TRADE,5858.0,3
2024-12-20 06:46:11.226383,TRADE,5858.25,1
2024-12-20 06:46:16.460004,TRADE,5858.0,1
2024-12-20 06:46:16.543453,TRADE,5858.0,1
2024-12-20 06:46:18.985828,TRADE,5858.0,1
2024-12-20 06:46:19.826190,TRADE,5858.0,8
2024-12-20 06:47:11.697043,TRADE,5858.25,1
2024-12-20 06:47:23.598754,TRADE,5858.25,1
2024-12-20 06:48:33.015943,TRADE,5858.0,1
2024-12-20 06:50:32.124268,TRADE,5857.25,2
2024-12-20 06:50:37.565314,TRADE,5857.25,2
2024-12-20 06:50:38.724327,TRADE,5857.25,2
2024-12-20 06:50:39.382579,TRADE,5857.25,1
2024-12-20 06:50:40.000102,TRADE,5857.25,2
2024-12-20 06:50:57.539294,TRADE,5857.5,2
2024-12-20 06:51:00.392366,TRADE,5857.75,1
2024-12-20 06:51:51.495856,TRADE,5857.75,1
2024-12-20 06:52:28.136742,TRADE,5857.25,1
2024-12-20 06:53:05.959235,TRADE,5857.75,1
2024-12-20 06:53:27.094817,TRADE,5858.0,1
2024-12-20 06:53:27.094969,TRADE,5858.0,1
2024-12-20 06:53:50.472476,TRADE,5858.25,1
2024-12-20 06:54:59.733089,TRADE,5858.75,1
2024-12-20 06:55:04.154830,TRADE,5859.0,2
2024-12-20 06:55:11.593142,TRADE,5859.0,1
2024-12-20 06:55:47.099187,TRADE,5859.5,1
2024-12-20 06:55:53.871971,TRADE,5860.0,1
2024-12-20 06:55:54.738751,TRADE,5860.5,1
2024-12-20 06:55:54.738762,TRADE,5860.75,1
2024-12-20 06:55:56.406722,TRADE,5860.75,1
2024-12-20 06:55:56.410642,TRADE,5860.75,1
2024-12-20 06:55:58.115561,TRADE,5860.75,1
2024-12-20 06:56:10.275474,TRADE,5861.0,1
2024-12-20 06:57:23.206443,TRADE,5861.0,1
2024-12-20 06:58:11.580115,TRADE,5861.0,3
2024-12-20 06:58:11.580684,TRADE,5861.0,1
2024-12-20 06:58:11.580781,TRADE,5861.0,1
2024-12-20 06:58:55.186173,TRADE,5861.25,1
2024-12-20 06:59:32.957736,TRADE,5861.75,1
2024-12-20 06:59:43.761016,TRADE,5861.75,1
2024-12-20 06:59:57.289283,TRADE,5861.5,3
2024-12-20 06:59:57.289336,TRADE,5861.5,1
2024-12-20 06:59:57.289370,TRADE,5861.5,1
2024-12-20 06:59:58.026286,TRADE,5861.25,1
2024-12-20 07:00:10.140945,TRADE,5861.0,3
2024-12-20 07:00:10.141080,TRADE,5861.0,2
2024-12-20 07:00:20.895079,TRADE,5861.75,1
2024-12-20 07:00:46.328348,TRADE,5862.0,1
2024-12-20 07:00:49.401149,TRADE,5862.0,1
2024-12-20 07:01:02.659437,TRADE,5861.5,1
2024-12-20 07:01:04.871538,TRADE,5862.25,1
2024-12-20 07:02:02.843937,TRADE,5862.0,2
2024-12-20 07:02:02.844148,TRADE,5862.0,2
2024-12-20 07:02:14.007946,TRADE,5862.75,1
2024-12-20 07:02:59.817524,TRADE,5862.5,2
2024-12-20 07:02:59.817524,TRADE,5862.75,2
2024-12-20 07:03:04.288899,TRADE,5862.0,1
2024-12-20 07:03:31.100242,TRADE,5861.5,1
2024-12-20 07:03:32.259008,TRADE,5861.25,3
2024-12-20 07:03:32.259008,TRADE,5861.0,1
2024-12-20 07:03:58.262526,TRADE,5861.75,1
2024-12-20 07:04:09.076254,TRADE,5861.5,1
2024-12-20 07:04:09.076412,TRADE,5861.5,1
2024-12-20 07:04:09.077928,TRADE,5861.5,1
2024-12-20 07:04:09.077955,TRADE,5861.5,2
2024-12-20 07:05:00.202737,TRADE,5860.5,1
2024-12-20 07:06:23.580811,TRADE,5861.0,2
2024-12-20 07:06:23.581003,TRADE,5861.0,11
2024-12-20 07:06:23.581197,TRADE,5861.0,2
2024-12-20 07:07:15.864708,TRADE,5860.75,1
2024-12-20 07:08:17.070271,TRADE,5861.0,1
2024-12-20 07:08:23.138581,TRADE,5860.75,1
2024-12-20 07:08:29.537894,TRADE,5860.75,1
2024-12-20 07:10:13.190405,TRADE,5861.25,1
2024-12-20 07:10:52.781068,TRADE,5861.0,1
2024-12-20 07:10:56.306879,TRADE,5861.0,1
2024-12-20 07:10:56.306913,TRADE,5861.0,3
2024-12-20 07:11:15.275229,TRADE,5861.0,2
2024-12-20 07:11:15.275424,TRADE,5861.0,1
2024-12-20 07:11:15.295609,TRADE,5861.0,1
2024-12-20 07:11:17.249432,TRADE,5861.25,1
2024-12-20 07:11:35.907354,TRADE,5861.0,1
2024-12-20 07:11:35.907392,TRADE,5861.0,1
2024-12-20 07:11:39.279662,TRADE,5860.75,1
2024-12-20 07:11:39.280105,TRADE,5860.75,3
2024-12-20 07:11:39.280254,TRADE,5860.75,2
2024-12-20 07:12:13.084926,TRADE,5860.75,3
2024-12-20 07:12:13.084963,TRADE,5860.75,1
2024-12-20 07:12:13.085052,TRADE,5860.75,2
2024-12-20 07:12:20.159323,TRADE,5860.5,1
2024-12-20 07:12:30.737001,TRADE,5860.0,2
2024-12-20 07:12:30.737014,TRADE,5860.0,1
2024-12-20 07:12:50.793146,TRADE,5860.0,1
2024-12-20 07:12:59.940888,TRADE,5860.0,6
2024-12-20 07:13:04.137784,TRADE,5860.0,1
2024-12-20 07:13:27.006173,TRADE,5859.0,2
2024-12-20 07:13:27.006173,TRADE,5859.25,5
2024-12-20 07:13:27.006173,TRADE,5859.5,8
2024-12-20 07:13:27.006173,TRADE,5859.75,5
2024-12-20 07:13:33.181914,TRADE,5860.0,1
2024-12-20 07:13:33.182475,TRADE,5860.0,2
2024-12-20 07:13:43.451552,TRADE,5860.0,1
2024-12-20 07:13:43.451975,TRADE,5860.0,1
2024-12-20 07:13:43.455329,TRADE,5860.0,3
2024-12-20 07:13:47.020605,TRADE,5859.75,1
2024-12-20 07:14:08.672973,TRADE,5859.75,1
2024-12-20 07:14:29.514670,TRADE,5859.75,1
2024-12-20 07:14:33.304495,TRADE,5860.0,1
2024-12-20 07:14:45.730455,TRADE,5860.0,1
2024-12-20 07:14:55.726574,TRADE,5859.75,3
2024-12-20 07:15:02.610248,TRADE,5859.25,1
2024-12-20 07:15:12.312406,TRADE,5858.5,5
2024-12-20 07:15:12.312716,TRADE,5858.5,8
2024-12-20 07:15:12.313257,TRADE,5858.5,2
2024-12-20 07:15:16.742099,TRADE,5858.5,2
2024-12-20 07:15:22.260221,TRADE,5858.5,13
2024-12-20 07:15:22.260221,TRADE,5858.75,2
2024-12-20 07:15:22.260221,TRADE,5859.0,3
2024-12-20 07:15:23.136927,TRADE,5858.75,2
2024-12-20 07:15:23.137275,TRADE,5858.75,1
2024-12-20 07:15:25.875201,TRADE,5858.75,3
2024-12-20 07:15:25.875485,TRADE,5858.75,2
2024-12-20 07:15:28.284520,TRADE,5858.75,1
2024-12-20 07:15:28.284974,TRADE,5858.5,1
2024-12-20 07:15:30.700113,TRADE,5858.25,1
2024-12-20 07:15:33.635830,TRADE,5858.0,1
2024-12-20 07:15:35.859259,TRADE,5858.0,5
2024-12-20 07:15:38.882947,TRADE,5858.0,3
2024-12-20 07:15:38.883213,TRADE,5858.0,2
2024-12-20 07:15:38.883331,TRADE,5858.0,1
2024-12-20 07:15:38.900695,TRADE,5858.0,1
2024-12-20 07:15:44.379924,TRADE,5858.25,1
2024-12-20 07:15:46.994929,TRADE,5858.0,1
2024-12-20 07:15:46.994929,TRADE,5858.25,4
2024-12-20 07:16:18.636126,TRADE,5857.25,1
2024-12-20 07:16:24.501598,TRADE,5857.0,7
2024-12-20 07:16:30.305915,TRADE,5857.5,1
2024-12-20 07:17:16.289994,TRADE,5856.75,1
2024-12-20 07:17:16.290251,TRADE,5856.75,4
2024-12-20 07:17:21.952875,TRADE,5856.5,3
2024-12-20 07:17:29.374867,TRADE,5856.0,2
2024-12-20 07:17:29.374941,TRADE,5856.0,3
2024-12-20 07:17:44.443101,TRADE,5856.25,3
2024-12-20 07:17:44.443353,TRADE,5856.25,2
2024-12-20 07:17:56.848502,TRADE,5856.25,3
2024-12-20 07:17:56.848534,TRADE,5856.25,2
2024-12-20 07:18:15.624852,TRADE,5855.25,1
2024-12-20 07:18:29.227789,TRADE,5854.5,1
2024-12-20 07:18:40.720109,TRADE,5854.25,6
2024-12-20 07:18:40.720452,TRADE,5854.25,9
2024-12-20 07:18:45.856829,TRADE,5854.75,1
2024-12-20 07:19:02.895140,TRADE,5854.5,1
2024-12-20 07:19:10.501836,TRADE,5853.5,1
2024-12-20 07:19:32.877940,TRADE,5853.25,1
2024-12-20 07:19:33.363438,TRADE,5853.5,2
2024-12-20 07:19:50.052038,TRADE,5854.0,3
2024-12-20 07:19:50.052236,TRADE,5854.0,2
2024-12-20 07:20:00.181209,TRADE,5855.0,1
2024-12-20 07:20:09.904238,TRADE,5855.25,1
2024-12-20 07:20:18.316966,TRADE,5855.0,1
2024-12-20 07:20:30.395124,TRADE,5855.0,1
2024-12-20 07:20:39.602934,TRADE,5855.0,1
2024-12-20 07:21:28.092095,TRADE,5856.25,1
2024-12-20 07:21:28.095596,TRADE,5856.5,1
2024-12-20 07:21:54.624282,TRADE,5856.5,1
2024-12-20 07:22:12.742323,TRADE,5856.75,1
2024-12-20 07:24:46.823192,TRADE,5856.25,1
2024-12-20 07:24:46.823192,TRADE,5856.5,1
2024-12-20 07:25:46.830850,TRADE,5855.25,1
2024-12-20 07:25:46.830888,TRADE,5855.25,1
2024-12-20 07:27:26.315287,TRADE,5856.0,1
2024-12-20 07:27:26.318848,TRADE,5856.0,1
2024-12-20 07:28:29.547594,TRADE,5855.25,1
2024-12-20 07:29:24.862915,TRADE,5856.0,1
2024-12-20 07:29:32.592267,TRADE,5856.0,2
2024-12-20 07:29:33.014887,TRADE,5856.0,1
2024-12-20 07:29:33.014951,TRADE,5856.0,1
2024-12-20 07:29:33.014987,TRADE,5856.0,1
2024-12-20 07:29:35.425222,TRADE,5855.75,1
2024-12-20 07:29:35.425267,TRADE,5855.75,1
2024-12-20 07:29:55.342957,TRADE,5855.75,1
2024-12-20 07:30:58.034963,TRADE,5856.25,1
2024-12-20 07:31:36.912729,TRADE,5856.75,1
2024-12-20 07:32:58.422656,TRADE,5856.25,1
2024-12-20 07:33:55.909199,TRADE,5854.75,2
2024-12-20 07:34:05.678403,TRADE,5854.25,1
2024-12-20 07:34:27.203682,TRADE,5855.25,1
2024-12-20 07:34:41.600977,TRADE,5855.5,1
2024-12-20 07:34:47.794021,TRADE,5855.25,1
2024-12-20 07:35:01.447555,TRADE,5854.75,1
2024-12-20 07:35:02.840757,TRADE,5854.5,1
2024-12-20 07:35:13.602143,TRADE,5854.75,2
2024-12-20 07:35:24.896841,TRADE,5854.5,2
2024-12-20 07:35:47.819780,TRADE,5854.75,1
2024-12-20 07:35:47.845342,TRADE,5854.75,1
2024-12-20 07:35:47.922558,TRADE,5854.75,1
2024-12-20 07:35:47.991778,TRADE,5854.75,5
2024-12-20 07:35:53.356418,TRADE,5854.75,1
2024-12-20 07:36:01.579952,TRADE,5855.25,1
2024-12-20 07:36:14.321218,TRADE,5854.75,1
2024-12-20 07:36:29.907112,TRADE,5854.75,1
2024-12-20 07:36:32.213199,TRADE,5854.75,1
2024-12-20 07:36:35.749447,TRADE,5855.0,1
2024-12-20 07:37:28.730209,TRADE,5854.5,1
2024-12-20 07:37:32.498818,TRADE,5854.75,3
2024-12-20 07:37:40.904995,TRADE,5854.25,1
2024-12-20 07:38:00.242115,TRADE,5855.25,2
2024-12-20 07:38:39.215512,TRADE,5854.75,1
2024-12-20 07:39:11.466362,TRADE,5854.75,1
2024-12-20 07:39:11.482773,TRADE,5854.75,1
2024-12-20 07:39:55.032182,TRADE,5855.0,1
2024-12-20 07:40:29.898147,TRADE,5854.75,1
2024-12-20 07:40:29.898317,TRADE,5854.75,1
2024-12-20 07:40:30.115327,TRADE,5854.75,1
2024-12-20 07:41:40.715233,TRADE,5853.5,1
2024-12-20 07:41:47.064301,TRADE,5854.0,1
2024-12-20 07:41:51.330978,TRADE,5854.0,1
2024-12-20 07:41:51.331014,TRADE,5854.0,1
2024-12-20 07:41:51.415407,TRADE,5854.0,1
2024-12-20 07:42:00.865180,TRADE,5854.25,1
2024-12-20 07:42:26.388235,TRADE,5855.25,1
2024-12-20 07:42:26.388308,TRADE,5855.25,1
2024-12-20 07:43:29.507971,TRADE,5856.25,1
2024-12-20 07:43:30.486227,TRADE,5856.25,1
2024-12-20 07:43:32.259819,TRADE,5856.25,1
2024-12-20 07:44:04.757460,TRADE,5856.75,2
2024-12-20 07:44:31.690537,TRADE,5857.25,1
2024-12-20 07:44:35.810177,TRADE,5857.5,1
2024-12-20 07:45:12.510864,TRADE,5856.0,1
2024-12-20 07:45:12.511270,TRADE,5856.0,2
2024-12-20 07:45:15.431535,TRADE,5856.25,1
2024-12-20 07:45:30.074361,TRADE,5856.25,1
2024-12-20 07:45:56.713729,TRADE,5857.25,1
2024-12-20 07:46:12.275923,TRADE,5857.25,2
2024-12-20 07:46:12.651045,TRADE,5857.25,1
2024-12-20 07:46:13.094082,TRADE,5857.25,4
2024-12-20 07:47:05.703221,TRADE,5857.0,1
2024-12-20 07:47:29.823108,TRADE,5854.75,1
2024-12-20 07:48:40.262807,TRADE,5855.75,1
2024-12-20 07:48:46.131694,TRADE,5855.0,1
2024-12-20 07:48:47.046176,TRADE,5855.0,1
2024-12-20 07:48:58.024090,TRADE,5855.5,1
2024-12-20 07:48:58.024300,TRADE,5855.5,1
2024-12-20 07:48:58.257751,TRADE,5855.5,1
2024-12-20 07:49:19.943484,TRADE,5855.75,1
2024-12-20 07:49:19.943942,TRADE,5855.75,1
2024-12-20 07:50:02.082386,TRADE,5854.5,1
2024-12-20 07:50:02.264952,TRADE,5854.5,1
2024-12-20 07:50:09.897971,TRADE,5853.75,1
2024-12-20 07:50:29.418884,TRADE,5854.5,1
2024-12-20 07:50:30.681967,TRADE,5854.5,1
2024-12-20 07:50:38.223015,TRADE,5854.75,1
2024-12-20 07:50:44.324697,TRADE,5854.5,1
2024-12-20 07:50:45.909752,TRADE,5854.5,1
2024-12-20 07:50:46.537145,TRADE,5854.5,1
2024-12-20 07:50:52.083328,TRADE,5855.0,1
2024-12-20 07:50:52.872911,TRADE,5855.0,1
2024-12-20 07:51:40.249964,TRADE,5854.25,1
2024-12-20 07:51:48.316959,TRADE,5853.75,2
2024-12-20 07:51:48.316959,TRADE,5854.0,1
2024-12-20 07:52:22.254285,TRADE,5852.0,1
2024-12-20 07:52:22.282534,TRADE,5851.75,1
2024-12-20 07:52:27.513106,TRADE,5852.25,1
2024-12-20 07:52:27.513310,TRADE,5852.25,1
2024-12-20 07:52:27.513491,TRADE,5852.25,1
2024-12-20 07:52:33.376328,TRADE,5851.75,1
2024-12-20 07:52:56.830310,TRADE,5851.75,1
2024-12-20 07:53:16.663064,TRADE,5853.25,1
2024-12-20 07:53:16.663314,TRADE,5853.25,1
2024-12-20 07:53:45.217343,TRADE,5853.5,1
2024-12-20 07:53:45.909350,TRADE,5853.25,2
2024-12-20 07:54:57.581052,TRADE,5853.25,1
2024-12-20 07:55:00.390957,TRADE,5853.5,1
2024-12-20 07:55:00.391373,TRADE,5853.5,2
2024-12-20 07:55:00.395629,TRADE,5853.5,2
2024-12-20 07:55:20.462048,TRADE,5854.25,1
2024-12-20 07:55:20.480024,TRADE,5854.5,1
2024-12-20 07:55:22.448246,TRADE,5855.25,1
2024-12-20 07:55:22.810781,TRADE,5855.25,1
2024-12-20 07:55:26.553990,TRADE,5855.5,1
2024-12-20 07:55:26.554415,TRADE,5855.5,1
2024-12-20 07:56:00.534399,TRADE,5855.5,1
2024-12-20 07:56:02.625942,TRADE,5855.75,1
2024-12-20 07:56:10.096914,TRADE,5855.25,1
2024-12-20 07:56:40.045276,TRADE,5854.5,1
2024-12-20 07:56:40.467013,TRADE,5854.5,1
2024-12-20 07:57:52.052049,TRADE,5854.75,1
2024-12-20 07:57:54.662021,TRADE,5855.25,4
2024-12-20 07:58:05.658152,TRADE,5856.25,1
2024-12-20 07:58:12.477151,TRADE,5856.25,1
2024-12-20 07:58:13.881636,TRADE,5856.25,1
2024-12-20 07:58:13.885290,TRADE,5856.25,1
2024-12-20 07:58:25.457437,TRADE,5856.0,1
2024-12-20 07:58:51.017349,TRADE,5856.5,2
2024-12-20 07:59:40.288414,TRADE,5856.5,1
2024-12-20 07:59:40.288564,TRADE,5856.5,4
2024-12-20 07:59:59.623916,TRADE,5857.0,1
2024-12-20 08:00:00.048594,TRADE,5857.25,1
2024-12-20 08:00:00.165496,TRADE,5856.25,1
2024-12-20 08:00:13.083539,TRADE,5855.75,1
2024-12-20 08:00:30.002427,TRADE,5856.0,1
2024-12-20 08:00:32.645341,TRADE,5855.25,1
2024-12-20 08:00:36.848425,TRADE,5855.25,1
2024-12-20 08:00:39.125528,TRADE,5854.75,1
2024-12-20 08:00:43.155025,TRADE,5855.0,1
2024-12-20 08:00:45.080207,TRADE,5855.5,1
2024-12-20 08:00:45.093111,TRADE,5855.5,1
2024-12-20 08:01:00.058461,TRADE,5856.25,1
2024-12-20 08:01:01.217952,TRADE,5856.0,1
2024-12-20 08:01:08.117971,TRADE,5856.0,5
2024-12-20 08:01:08.117971,TRADE,5856.25,5
2024-12-20 08:01:20.557707,TRADE,5855.5,2
2024-12-20 08:01:22.859207,TRADE,5855.25,1
2024-12-20 08:01:43.126569,TRADE,5855.5,1
2024-12-20 08:01:48.584223,TRADE,5855.75,1
2024-12-20 08:01:52.101382,TRADE,5856.25,1
2024-12-20 08:02:01.684902,TRADE,5855.25,1
2024-12-20 08:02:09.640781,TRADE,5856.25,1
2024-12-20 08:02:18.904815,TRADE,5855.5,1
2024-12-20 08:02:22.555449,TRADE,5855.25,1
2024-12-20 08:02:46.735593,TRADE,5855.5,1
2024-12-20 08:02:46.735639,TRADE,5855.5,1
2024-12-20 08:02:46.735902,TRADE,5855.5,1
2024-12-20 08:02:47.430998,TRADE,5855.5,1
2024-12-20 08:02:47.507135,TRADE,5855.5,1
2024-12-20 08:03:20.177692,TRADE,5855.5,1
2024-12-20 08:03:20.177692,TRADE,5855.25,2
2024-12-20 08:03:21.752610,TRADE,5855.25,2
2024-12-20 08:03:23.340691,TRADE,5855.5,1
2024-12-20 08:03:23.340691,TRADE,5855.25,1
2024-12-20 08:03:25.076767,TRADE,5855.5,1
2024-12-20 08:03:25.076767,TRADE,5855.25,1
2024-12-20 08:03:26.712415,TRADE,5855.25,1
2024-12-20 08:03:26.712415,TRADE,5855.0,1
2024-12-20 08:03:27.129696,TRADE,5855.75,1
2024-12-20 08:03:27.907241,TRADE,5855.75,1
2024-12-20 08:03:27.910378,TRADE,5855.75,4
2024-12-20 08:03:27.910470,TRADE,5855.75,4
2024-12-20 08:03:27.910669,TRADE,5855.75,2
2024-12-20 08:03:28.400609,TRADE,5855.75,1
2024-12-20 08:03:29.627370,TRADE,5856.0,1
2024-12-20 08:03:29.739247,TRADE,5856.0,1
2024-12-20 08:03:30.393165,TRADE,5856.0,1
2024-12-20 08:03:35.041194,TRADE,5855.75,4
2024-12-20 08:03:35.041398,TRADE,5855.75,1
2024-12-20 08:03:38.166945,TRADE,5855.75,2
2024-12-20 08:03:38.358333,TRADE,5856.0,1
2024-12-20 08:03:38.690742,TRADE,5856.0,1
2024-12-20 08:03:39.602948,TRADE,5856.0,1
2024-12-20 08:03:39.626119,TRADE,5856.0,1
2024-12-20 08:03:40.010073,TRADE,5856.0,1
2024-12-20 08:03:41.023986,TRADE,5856.0,2
2024-12-20 08:03:41.024089,TRADE,5856.25,1
2024-12-20 08:03:42.826985,TRADE,5856.25,1
2024-12-20 08:03:43.157577,TRADE,5856.25,2
2024-12-20 08:03:44.530320,TRADE,5856.25,2
2024-12-20 08:03:45.119225,TRADE,5856.25,1
2024-12-20 08:03:51.909617,TRADE,5856.0,2
2024-12-20 08:03:52.990910,TRADE,5856.25,1
2024-12-20 08:03:53.840731,TRADE,5856.25,1
2024-12-20 08:03:53.859295,TRADE,5856.25,1
2024-12-20 08:03:53.859377,TRADE,5856.25,1
2024-12-20 08:03:53.874733,TRADE,5856.25,1
2024-12-20 08:03:53.874793,TRADE,5856.25,4
2024-12-20 08:03:59.536061,TRADE,5856.5,1
2024-12-20 08:04:00.101784,TRADE,5856.5,4
2024-12-20 08:04:00.101890,TRADE,5856.5,1
2024-12-20 08:04:00.102073,TRADE,5856.5,1
2024-12-20 08:04:00.102120,TRADE,5856.5,1
2024-12-20 08:04:05.792037,TRADE,5856.25,2
2024-12-20 08:04:09.209460,TRADE,5856.0,3
2024-12-20 08:04:11.510840,TRADE,5855.25,1
2024-12-20 08:04:11.510840,TRADE,5855.0,1
2024-12-20 08:04:13.290909,TRADE,5855.25,1
2024-12-20 08:04:13.290909,TRADE,5855.0,1
2024-12-20 08:04:15.056415,TRADE,5855.0,2
2024-12-20 08:04:16.729778,TRADE,5855.0,1
2024-12-20 08:04:16.729778,TRADE,5854.75,1
2024-12-20 08:04:18.870305,TRADE,5855.0,1
2024-12-20 08:04:18.962689,TRADE,5854.75,1
2024-12-20 08:04:19.241140,TRADE,5854.75,1
2024-12-20 08:04:21.286691,TRADE,5854.75,2
2024-12-20 08:04:23.727035,TRADE,5854.5,1
2024-12-20 08:04:23.727035,TRADE,5854.25,1
2024-12-20 08:04:26.056886,TRADE,5854.5,2
2024-12-20 08:04:28.007167,TRADE,5854.5,1
2024-12-20 08:04:28.007167,TRADE,5854.25,1
2024-12-20 08:04:31.209571,TRADE,5854.75,1
2024-12-20 08:04:32.479685,TRADE,5854.5,2
2024-12-20 08:04:34.635596,TRADE,5854.5,1
2024-12-20 08:04:34.635596,TRADE,5854.25,1
2024-12-20 08:04:35.885119,TRADE,5854.75,4
2024-12-20 08:04:37.001536,TRADE,5854.5,1
2024-12-20 08:04:37.852252,TRADE,5854.5,6
2024-12-20 08:04:43.816679,TRADE,5854.0,1
2024-12-20 08:04:45.369324,TRADE,5853.75,1
2024-12-20 08:04:45.369324,TRADE,5853.5,1
2024-12-20 08:04:48.326523,TRADE,5853.75,2
2024-12-20 08:04:50.368627,TRADE,5853.75,2
2024-12-20 08:04:53.588168,TRADE,5853.5,2
2024-12-20 08:04:55.623327,TRADE,5853.75,2
2024-12-20 08:04:56.564391,TRADE,5853.75,1
2024-12-20 08:04:58.758566,TRADE,5853.5,1
2024-12-20 08:04:58.758566,TRADE,5853.25,1
2024-12-20 08:04:59.812391,TRADE,5854.0,1
2024-12-20 08:04:59.930579,TRADE,5853.75,1
2024-12-20 08:05:00.792568,TRADE,5854.0,1
2024-12-20 08:05:00.792847,TRADE,5854.0,1
2024-12-20 08:05:00.792889,TRADE,5854.0,1
2024-12-20 08:05:00.794382,TRADE,5854.0,1
2024-12-20 08:05:00.810660,TRADE,5854.0,6
2024-12-20 08:05:00.810691,TRADE,5854.0,1
2024-12-20 08:05:00.810727,TRADE,5854.0,1
2024-12-20 08:05:00.819051,TRADE,5854.0,2
2024-12-20 08:05:11.609270,TRADE,5853.5,1
2024-12-20 08:05:11.754013,TRADE,5853.5,1
2024-12-20 08:05:11.754460,TRADE,5853.5,1
2024-12-20 08:05:11.754530,TRADE,5853.5,1
2024-12-20 08:05:11.754567,TRADE,5853.5,2
2024-12-20 08:05:11.754605,TRADE,5853.5,1
2024-12-20 08:05:12.808886,TRADE,5853.75,6
2024-12-20 08:05:18.050214,TRADE,5853.75,1
2024-12-20 08:05:24.068674,TRADE,5854.0,3
2024-12-20 08:05:24.068731,TRADE,5854.0,1
2024-12-20 08:05:24.069887,TRADE,5854.0,2
2024-12-20 08:05:31.478716,TRADE,5854.25,1
2024-12-20 08:05:31.478822,TRADE,5854.25,1
2024-12-20 08:05:31.511748,TRADE,5854.25,1
2024-12-20 08:05:31.512087,TRADE,5854.25,1
2024-12-20 08:05:31.514388,TRADE,5854.25,2
2024-12-20 08:05:31.551334,TRADE,5854.25,1
2024-12-20 08:05:35.842280,TRADE,5854.25,1
2024-12-20 08:05:36.346305,TRADE,5854.5,1
2024-12-20 08:05:36.346344,TRADE,5854.5,3
2024-12-20 08:05:36.350303,TRADE,5854.5,2
2024-12-20 08:05:41.041877,TRADE,5854.25,1
2024-12-20 08:05:41.041936,TRADE,5854.25,4
2024-12-20 08:05:41.088313,TRADE,5854.25,1
2024-12-20 08:05:57.810243,TRADE,5853.75,4
2024-12-20 08:05:57.810284,TRADE,5853.75,3
2024-12-20 08:05:57.811999,TRADE,5854.0,2
2024-12-20 08:05:57.812872,TRADE,5854.0,1
2024-12-20 08:05:57.812911,TRADE,5854.0,2
2024-12-20 08:05:57.814188,TRADE,5854.25,1
2024-12-20 08:05:57.814188,TRADE,5854.25,1
2024-12-20 08:06:06.237990,TRADE,5854.0,3
2024-12-20 08:06:06.238035,TRADE,5854.0,1
2024-12-20 08:06:10.200583,TRADE,5854.25,3
2024-12-20 08:06:10.200607,TRADE,5854.25,1
2024-12-20 08:06:19.764349,TRADE,5853.25,3
2024-12-20 08:06:19.764487,TRADE,5853.25,1
2024-12-20 08:06:34.266255,TRADE,5851.75,3
2024-12-20 08:06:34.266383,TRADE,5851.75,2
2024-12-20 08:06:34.287975,TRADE,5851.75,1
2024-12-20 08:06:38.309881,TRADE,5851.0,2
2024-12-20 08:06:42.301891,TRADE,5851.0,1
2024-12-20 08:06:42.307958,TRADE,5851.0,1
2024-12-20 08:06:42.308047,TRADE,5851.0,1
2024-12-20 08:06:42.308363,TRADE,5851.0,1
2024-12-20 08:06:42.347533,TRADE,5851.0,4
2024-12-20 08:06:42.347563,TRADE,5851.0,1
2024-12-20 08:06:42.829842,TRADE,5851.0,1
2024-12-20 08:06:43.715900,TRADE,5851.0,2
2024-12-20 08:06:44.801882,TRADE,5851.0,1
2024-12-20 08:06:44.801929,TRADE,5851.0,2
2024-12-20 08:06:44.802045,TRADE,5851.0,1
2024-12-20 08:06:45.134470,TRADE,5850.75,6
2024-12-20 08:06:45.134654,TRADE,5850.75,3
2024-12-20 08:06:45.134905,TRADE,5850.75,1
2024-12-20 08:06:45.172185,TRADE,5850.75,1
2024-12-20 08:06:48.625655,TRADE,5850.5,1
2024-12-20 08:06:49.476446,TRADE,5850.25,2
2024-12-20 08:06:50.778979,TRADE,5850.0,2
2024-12-20 08:06:58.318342,TRADE,5849.75,2
2024-12-20 08:07:02.460874,TRADE,5849.5,2
2024-12-20 08:07:04.601828,TRADE,5849.75,2
2024-12-20 08:07:06.049981,TRADE,5849.5,1
2024-12-20 08:07:10.915289,TRADE,5849.25,3
2024-12-20 08:07:10.915440,TRADE,5849.25,1
2024-12-20 08:07:10.920811,TRADE,5849.25,1
2024-12-20 08:07:10.921474,TRADE,5849.25,1
2024-12-20 08:07:12.473166,TRADE,5849.5,1
2024-12-20 08:07:12.660746,TRADE,5849.5,2
2024-12-20 08:07:12.661514,TRADE,5849.5,1
2024-12-20 08:07:13.270857,TRADE,5849.75,1
2024-12-20 08:07:19.251977,TRADE,5849.5,2
2024-12-20 08:07:19.252175,TRADE,5849.5,1
2024-12-20 08:07:20.203566,TRADE,5849.75,3
2024-12-20 08:07:28.002394,TRADE,5848.75,1
2024-12-20 08:07:28.002424,TRADE,5848.75,1
2024-12-20 08:07:31.891721,TRADE,5848.5,2
2024-12-20 08:07:31.891740,TRADE,5848.5,1
2024-12-20 08:07:33.749619,TRADE,5848.5,1
2024-12-20 08:07:33.790639,TRADE,5848.5,1
2024-12-20 08:07:40.109130,TRADE,5849.0,1
2024-12-20 08:07:40.140485,TRADE,5849.0,1
2024-12-20 08:07:40.155597,TRADE,5849.0,1
2024-12-20 08:07:43.200072,TRADE,5849.5,1
2024-12-20 08:07:51.797360,TRADE,5849.5,1
2024-12-20 08:07:53.112680,TRADE,5849.25,1
2024-12-20 08:07:55.116229,TRADE,5849.25,2
2024-12-20 08:07:57.799960,TRADE,5849.5,2
2024-12-20 08:07:58.228362,TRADE,5849.5,1
2024-12-20 08:08:00.812374,TRADE,5849.5,1
2024-12-20 08:08:01.522873,TRADE,5849.75,1
2024-12-20 08:08:07.209513,TRADE,5848.25,1
2024-12-20 08:08:19.147674,TRADE,5847.5,2
2024-12-20 08:08:19.260929,TRADE,5847.5,1
2024-12-20 08:08:21.357570,TRADE,5847.5,2
2024-12-20 08:08:21.357628,TRADE,5847.75,2
2024-12-20 08:08:24.165318,TRADE,5847.5,1
2024-12-20 08:08:27.936701,TRADE,5847.75,1
2024-12-20 08:08:31.093734,TRADE,5848.25,1
2024-12-20 08:08:36.253614,TRADE,5848.0,2
2024-12-20 08:08:39.201355,TRADE,5848.25,1
2024-12-20 08:08:47.818431,TRADE,5848.5,1
2024-12-20 08:08:49.586370,TRADE,5848.25,1
2024-12-20 08:08:50.036095,TRADE,5847.75,1
2024-12-20 08:08:50.157523,TRADE,5847.75,1
2024-12-20 08:08:53.789372,TRADE,5848.0,1
2024-12-20 08:08:54.438146,TRADE,5848.0,2
2024-12-20 08:08:54.591545,TRADE,5848.25,2
2024-12-20 08:09:01.620699,TRADE,5849.25,2
2024-12-20 08:09:02.377986,TRADE,5849.0,1
2024-12-20 08:09:05.994360,TRADE,5849.0,4
2024-12-20 08:09:05.994360,TRADE,5848.75,8
2024-12-20 08:09:06.682955,TRADE,5849.25,1
2024-12-20 08:09:10.276195,TRADE,5849.25,2
2024-12-20 08:09:10.553382,TRADE,5849.25,1
2024-12-20 08:09:12.037188,TRADE,5849.5,1
2024-12-20 08:09:23.624757,TRADE,5849.5,1
2024-12-20 08:09:30.991103,TRADE,5848.5,2
2024-12-20 08:09:30.991154,TRADE,5848.5,1
2024-12-20 08:09:33.422994,TRADE,5849.0,1
2024-12-20 08:09:33.423037,TRADE,5849.0,1
2024-12-20 08:09:33.423334,TRADE,5849.0,1
2024-12-20 08:09:34.241365,TRADE,5848.75,1
2024-12-20 08:09:34.321206,TRADE,5848.75,1
2024-12-20 08:09:35.710837,TRADE,5848.25,1
2024-12-20 08:09:38.413374,TRADE,5848.25,1
2024-12-20 08:09:39.322469,TRADE,5848.5,1
2024-12-20 08:09:45.596223,TRADE,5849.25,1
2024-12-20 08:09:45.640251,TRADE,5849.25,1
2024-12-20 08:09:51.689220,TRADE,5849.75,1
2024-12-20 08:09:51.723318,TRADE,5849.75,1
2024-12-20 08:09:56.769098,TRADE,5850.25,1
2024-12-20 08:09:59.527599,TRADE,5850.25,1
2024-12-20 08:10:00.549053,TRADE,5849.75,1
2024-12-20 08:10:00.549259,TRADE,5849.75,1
2024-12-20 08:10:05.758050,TRADE,5849.25,1
2024-12-20 08:10:06.747185,TRADE,5849.25,1
2024-12-20 08:10:06.754999,TRADE,5849.5,1
2024-12-20 08:10:06.829378,TRADE,5849.75,1
2024-12-20 08:10:08.327737,TRADE,5850.0,1
2024-12-20 08:10:08.327771,TRADE,5850.0,1
2024-12-20 08:10:14.264406,TRADE,5850.0,1
2024-12-20 08:10:14.264594,TRADE,5850.0,1
2024-12-20 08:10:18.934992,TRADE,5850.0,1
2024-12-20 08:10:23.347988,TRADE,5850.25,1
2024-12-20 08:10:23.348203,TRADE,5850.5,1
2024-12-20 08:10:23.387540,TRADE,5850.5,1
2024-12-20 08:10:24.337459,TRADE,5850.75,1
2024-12-20 08:10:24.802082,TRADE,5850.75,1
2024-12-20 08:10:26.090649,TRADE,5850.75,1
2024-12-20 08:10:26.091128,TRADE,5850.75,1
2024-12-20 08:10:28.054647,TRADE,5850.5,1
2024-12-20 08:10:29.288306,TRADE,5850.5,1
2024-12-20 08:10:30.134691,TRADE,5850.75,1
2024-12-20 08:10:31.363258,TRADE,5850.75,1
2024-12-20 08:10:31.367871,TRADE,5850.75,1
2024-12-20 08:10:34.621557,TRADE,5850.25,1
2024-12-20 08:10:36.885987,TRADE,5850.25,1
2024-12-20 08:10:46.293327,TRADE,5850.5,1
2024-12-20 08:10:53.399189,TRADE,5851.0,1
2024-12-20 08:10:55.535555,TRADE,5850.5,1
2024-12-20 08:11:02.235626,TRADE,5850.75,1
2024-12-20 08:11:05.143280,TRADE,5851.0,1
2024-12-20 08:11:05.143314,TRADE,5851.0,1
2024-12-20 08:11:06.546255,TRADE,5850.75,1
2024-12-20 08:11:06.546363,TRADE,5850.75,1
2024-12-20 08:11:10.917237,TRADE,5851.25,1
2024-12-20 08:11:10.917281,TRADE,5851.25,1
2024-12-20 08:11:12.090140,TRADE,5851.25,1
2024-12-20 08:11:20.507381,TRADE,5850.5,1
2024-12-20 08:11:20.528995,TRADE,5850.5,1
2024-12-20 08:11:35.452641,TRADE,5850.25,1
2024-12-20 08:11:39.784582,TRADE,5850.25,2
2024-12-20 08:11:39.784802,TRADE,5850.25,2
2024-12-20 08:11:39.784986,TRADE,5850.25,2
2024-12-20 08:11:39.794849,TRADE,5850.25,1
2024-12-20 08:11:42.161979,TRADE,5850.25,1
2024-12-20 08:11:42.162374,TRADE,5850.25,1
2024-12-20 08:11:42.162402,TRADE,5850.25,1
2024-12-20 08:11:42.165106,TRADE,5850.25,1
2024-12-20 08:11:44.405789,TRADE,5849.5,1
2024-12-20 08:11:45.730893,TRADE,5849.25,1
2024-12-20 08:11:50.635976,TRADE,5849.5,2
2024-12-20 08:11:56.070586,TRADE,5850.0,1
2024-12-20 08:12:08.088687,TRADE,5850.25,1
2024-12-20 08:12:17.632781,TRADE,5850.0,1
2024-12-20 08:12:22.820540,TRADE,5850.25,1
2024-12-20 08:12:43.641384,TRADE,5849.5,1
2024-12-20 08:12:45.016081,TRADE,5848.75,1
2024-12-20 08:12:52.306878,TRADE,5849.5,1
2024-12-20 08:13:03.532460,TRADE,5848.0,1
2024-12-20 08:13:09.587215,TRADE,5848.0,1
2024-12-20 08:13:21.523985,TRADE,5848.0,1
2024-12-20 08:13:22.032451,TRADE,5848.5,1
2024-12-20 08:13:27.621653,TRADE,5848.25,2
2024-12-20 08:13:39.576754,TRADE,5848.5,1
2024-12-20 08:13:39.576754,TRADE,5848.75,1
2024-12-20 08:13:45.780930,TRADE,5848.5,1
2024-12-20 08:14:12.910299,TRADE,5847.5,1
2024-12-20 08:14:24.313968,TRADE,5848.0,3
2024-12-20 08:14:25.944662,TRADE,5848.0,1
2024-12-20 08:14:25.945140,TRADE,5848.0,1
2024-12-20 08:14:25.945193,TRADE,5848.0,2
2024-12-20 08:14:26.118060,TRADE,5848.0,1
2024-12-20 08:14:27.816342,TRADE,5848.0,1
2024-12-20 08:14:30.100152,TRADE,5847.75,2
2024-12-20 08:14:34.674552,TRADE,5848.0,1
2024-12-20 08:15:06.107275,TRADE,5847.5,1
2024-12-20 08:15:11.166237,TRADE,5847.0,1
2024-12-20 08:15:22.159753,TRADE,5846.5,1
2024-12-20 08:15:29.046596,TRADE,5846.5,1
2024-12-20 08:15:29.046699,TRADE,5846.5,2
2024-12-20 08:15:29.047487,TRADE,5846.5,1
2024-12-20 08:15:42.373755,TRADE,5845.75,1
2024-12-20 08:15:43.038805,TRADE,5845.75,1
2024-12-20 08:15:46.328787,TRADE,5845.25,1
2024-12-20 08:15:48.004071,TRADE,5845.5,1
2024-12-20 08:15:54.720530,TRADE,5845.5,1
2024-12-20 08:15:54.722378,TRADE,5845.75,1
2024-12-20 08:15:54.722678,TRADE,5845.75,2
2024-12-20 08:15:54.722825,TRADE,5845.75,1
2024-12-20 08:15:54.722858,TRADE,5845.75,1
2024-12-20 08:15:54.934547,TRADE,5845.75,1
2024-12-20 08:15:55.007382,TRADE,5845.75,3
2024-12-20 08:15:57.901171,TRADE,5845.75,1
2024-12-20 08:16:00.400867,TRADE,5845.75,1
2024-12-20 08:16:14.869261,TRADE,5845.75,1
2024-12-20 08:16:19.518735,TRADE,5845.5,1
2024-12-20 08:16:28.679387,TRADE,5845.0,1
2024-12-20 08:16:36.759662,TRADE,5844.25,1
2024-12-20 08:16:49.570255,TRADE,5843.75,1
2024-12-20 08:16:50.483265,TRADE,5844.25,1
2024-12-20 08:16:51.110505,TRADE,5844.5,2
2024-12-20 08:16:51.110610,TRADE,5844.5,2
2024-12-20 08:16:51.851464,TRADE,5844.5,1
2024-12-20 08:16:52.090638,TRADE,5844.5,1
2024-12-20 08:16:57.595279,TRADE,5844.5,1
2024-12-20 08:17:02.175080,TRADE,5845.25,1
2024-12-20 08:17:39.988383,TRADE,5845.0,1
2024-12-20 08:17:40.143969,TRADE,5845.5,1
2024-12-20 08:17:43.953540,TRADE,5845.25,1
2024-12-20 08:17:43.953927,TRADE,5845.25,1
2024-12-20 08:17:49.276386,TRADE,5845.25,1
2024-12-20 08:18:02.169635,TRADE,5844.0,1
2024-12-20 08:18:11.105037,TRADE,5842.5,1
2024-12-20 08:18:15.889886,TRADE,5842.75,1
2024-12-20 08:18:15.889926,TRADE,5842.75,2
2024-12-20 08:18:15.890240,TRADE,5842.75,2
2024-12-20 08:18:15.890482,TRADE,5842.75,1
2024-12-20 08:18:17.169495,TRADE,5842.75,3
2024-12-20 08:18:24.341264,TRADE,5842.5,1
2024-12-20 08:18:29.579463,TRADE,5841.25,1
2024-12-20 08:18:37.790717,TRADE,5842.25,1
2024-12-20 08:18:43.882871,TRADE,5842.25,1
2024-12-20 08:18:45.107260,TRADE,5842.25,1
2024-12-20 08:18:46.583535,TRADE,5842.25,3
2024-12-20 08:18:46.583535,TRADE,5842.0,3
2024-12-20 08:18:46.583872,TRADE,5842.0,4
2024-12-20 08:18:46.584546,TRADE,5842.0,1
2024-12-20 08:18:56.758747,TRADE,5842.25,1
2024-12-20 08:19:00.032070,TRADE,5841.75,1
2024-12-20 08:19:05.859823,TRADE,5840.5,1
2024-12-20 08:19:05.861769,TRADE,5840.25,1
2024-12-20 08:19:05.863762,TRADE,5840.25,1
2024-12-20 08:19:08.918786,TRADE,5839.75,1
2024-12-20 08:19:08.918799,TRADE,5839.5,1
2024-12-20 08:19:10.883014,TRADE,5840.0,1
2024-12-20 08:19:12.686680,TRADE,5840.0,2
2024-12-20 08:19:16.182800,TRADE,5840.25,1
2024-12-20 08:19:24.073347,TRADE,5840.25,1
2024-12-20 08:19:24.191125,TRADE,5840.0,1
2024-12-20 08:19:27.712876,TRADE,5840.5,1
2024-12-20 08:19:27.781519,TRADE,5841.0,1
2024-12-20 08:19:27.880344,TRADE,5840.75,1
2024-12-20 08:19:34.094627,TRADE,5841.0,1
2024-12-20 08:19:34.362819,TRADE,5840.75,1
2024-12-20 08:20:00.005204,TRADE,5840.75,1
2024-12-20 08:20:00.160177,TRADE,5841.0,2
2024-12-20 08:20:00.160225,TRADE,5841.0,1
2024-12-20 08:20:01.262326,TRADE,5841.0,1
2024-12-20 08:20:02.061635,TRADE,5841.25,2
2024-12-20 08:20:02.061724,TRADE,5841.25,2
2024-12-20 08:20:02.062091,TRADE,5841.25,1
2024-12-20 08:20:02.160663,TRADE,5841.25,1
2024-12-20 08:20:02.423114,TRADE,5841.25,2
2024-12-20 08:20:04.056744,TRADE,5841.25,1
2024-12-20 08:20:06.186264,TRADE,5841.25,1
2024-12-20 08:20:06.888805,TRADE,5841.25,1
2024-12-20 08:20:06.892205,TRADE,5841.5,3
2024-12-20 08:20:06.917385,TRADE,5842.0,1
2024-12-20 08:20:06.938004,TRADE,5842.0,1
2024-12-20 08:20:06.958415,TRADE,5842.0,1
2024-12-20 08:20:23.397634,TRADE,5843.0,1
2024-12-20 08:20:33.648993,TRADE,5844.0,1
2024-12-20 08:20:37.533246,TRADE,5844.25,1
2024-12-20 08:20:41.530967,TRADE,5844.25,1
2024-12-20 08:20:42.059982,TRADE,5844.25,1
2024-12-20 08:20:42.592347,TRADE,5844.5,1
2024-12-20 08:20:42.880453,TRADE,5844.75,2
2024-12-20 08:20:43.410506,TRADE,5844.5,1
2024-12-20 08:20:58.608108,TRADE,5844.25,1
2024-12-20 08:20:59.887750,TRADE,5844.0,1
2024-12-20 08:20:59.887761,TRADE,5843.75,1
2024-12-20 08:21:02.032501,TRADE,5844.25,1
2024-12-20 08:21:02.032587,TRADE,5844.25,2
2024-12-20 08:21:02.032785,TRADE,5844.25,1
2024-12-20 08:21:02.032830,TRADE,5844.25,5
2024-12-20 08:21:02.033029,TRADE,5844.25,1
2024-12-20 08:21:05.709615,TRADE,5844.75,1
2024-12-20 08:21:17.402784,TRADE,5844.5,2
2024-12-20 08:21:26.432084,TRADE,5844.5,2
2024-12-20 08:21:32.062104,TRADE,5844.75,1
2024-12-20 08:21:50.601370,TRADE,5844.75,1
2024-12-20 08:21:50.678060,TRADE,5844.75,1
2024-12-20 08:21:51.430732,TRADE,5844.5,2
2024-12-20 08:21:51.432585,TRADE,5844.25,2
2024-12-20 08:21:58.944631,TRADE,5845.0,2
2024-12-20 08:21:59.408995,TRADE,5844.75,4
2024-12-20 08:21:59.409199,TRADE,5844.75,2
2024-12-20 08:21:59.409287,TRADE,5844.75,2
2024-12-20 08:21:59.648898,TRADE,5845.25,1
2024-12-20 08:22:03.504510,TRADE,5846.25,1
2024-12-20 08:22:05.294699,TRADE,5846.5,1
2024-12-20 08:22:09.253844,TRADE,5846.75,1
2024-12-20 08:22:33.155557,TRADE,5846.5,2
2024-12-20 08:22:40.978773,TRADE,5846.75,1
2024-12-20 08:22:45.900746,TRADE,5847.25,1
2024-12-20 08:23:07.994444,TRADE,5845.75,1
2024-12-20 08:23:15.143722,TRADE,5846.25,1
2024-12-20 08:23:33.957097,TRADE,5844.75,1
2024-12-20 08:23:43.555774,TRADE,5844.75,1
2024-12-20 08:23:45.413640,TRADE,5844.25,1
2024-12-20 08:24:03.069749,TRADE,5844.75,3
2024-12-20 08:24:03.069819,TRADE,5844.75,2
2024-12-20 08:24:03.069916,TRADE,5844.75,2
2024-12-20 08:24:03.070095,TRADE,5844.75,1
2024-12-20 08:24:03.070212,TRADE,5844.75,1
2024-12-20 08:24:03.070303,TRADE,5844.75,1
2024-12-20 08:24:03.070404,TRADE,5844.75,1
2024-12-20 08:24:03.070442,TRADE,5844.75,2
2024-12-20 08:24:18.033310,TRADE,5845.0,2
2024-12-20 08:24:47.101180,TRADE,5844.5,1
2024-12-20 08:24:48.101717,TRADE,5844.25,2
2024-12-20 08:25:11.937546,TRADE,5844.25,2
2024-12-20 08:25:28.939171,TRADE,5844.0,1
2024-12-20 08:25:35.752192,TRADE,5843.75,3
2024-12-20 08:25:38.837525,TRADE,5843.75,1
2024-12-20 08:25:38.837898,TRADE,5843.75,1
2024-12-20 08:25:39.973229,TRADE,5843.75,2
2024-12-20 08:25:39.979844,TRADE,5843.75,2
2024-12-20 08:25:43.098095,TRADE,5843.75,4
2024-12-20 08:25:51.237786,TRADE,5843.25,1
