time,type,price,size
2024-10-01 00:00:00.007243,TRADE,5808.5,1
2024-10-01 00:00:00.292763,TRADE,5808.25,7
2024-10-01 00:00:00.292881,TRADE,5808.25,1
2024-10-01 00:00:00.299523,TRADE,5808.25,1
2024-10-01 00:00:00.299623,TRADE,5808.25,3
2024-10-01 00:00:00.340498,TRADE,5808.25,1
2024-10-01 00:00:00.472614,TRADE,5808.25,6
2024-10-01 00:00:00.817226,TRADE,5808.25,2
2024-10-01 00:00:01.116984,TRADE,5808.5,1
2024-10-01 00:00:01.428988,TRADE,5808.5,1
2024-10-01 00:00:01.459292,TRADE,5808.5,1
2024-10-01 00:00:01.862377,TRADE,5808.5,6
2024-10-01 00:00:02.520736,TRADE,5808.75,1
2024-10-01 00:00:06.113450,TRADE,5808.75,8
2024-10-01 00:00:06.113584,TRADE,5808.75,1
2024-10-01 00:00:06.113687,TRADE,5808.75,1
2024-10-01 00:00:06.143679,TRADE,5808.75,2
2024-10-01 00:00:06.143780,TRADE,5808.75,1
2024-10-01 00:00:06.216300,TRADE,5808.75,1
2024-10-01 00:00:06.507771,TRADE,5809.0,1
2024-10-01 00:00:07.943228,TRADE,5808.75,2
2024-10-01 00:00:08.175721,TRADE,5809.0,6
2024-10-01 00:00:08.175861,TRADE,5809.0,13
2024-10-01 00:00:08.734958,TRADE,5809.0,12
2024-10-01 00:00:08.747735,TRADE,5809.0,2
2024-10-01 00:00:08.980729,TRADE,5809.0,2
2024-10-01 00:00:09.162173,TRADE,5809.0,1
2024-10-01 00:00:10.208550,TRADE,5809.0,1
2024-10-01 00:00:10.564174,TRADE,5809.0,1
2024-10-01 00:00:10.796894,TRADE,5809.0,1
2024-10-01 00:00:10.796990,TRADE,5809.0,1
2024-10-01 00:00:10.798640,TRADE,5809.0,3
2024-10-01 00:00:10.920240,TRADE,5809.25,1
2024-10-01 00:00:11.131603,TRADE,5809.25,1
2024-10-01 00:00:11.164008,TRADE,5809.25,1
2024-10-01 00:00:13.213840,TRADE,5809.25,1
2024-10-01 00:00:13.214035,TRADE,5809.25,3
2024-10-01 00:00:13.214075,TRADE,5809.25,1
2024-10-01 00:00:13.214262,TRADE,5809.25,2
2024-10-01 00:00:13.214334,TRADE,5809.25,1
2024-10-01 00:00:13.704450,TRADE,5809.25,1
2024-10-01 00:00:14.083450,TRADE,5809.25,1
2024-10-01 00:00:15.599521,TRADE,5809.25,1
2024-10-01 00:00:16.057601,TRADE,5809.25,2
2024-10-01 00:00:16.519164,TRADE,5809.25,1
2024-10-01 00:00:17.065360,TRADE,5809.5,2
2024-10-01 00:00:17.065373,TRADE,5809.5,1
2024-10-01 00:00:17.065373,TRADE,5809.5,1
2024-10-01 00:00:17.065373,TRADE,5809.5,1
2024-10-01 00:00:17.065373,TRADE,5809.5,1
2024-10-01 00:00:17.065557,TRADE,5809.5,2
2024-10-01 00:00:17.065605,TRADE,5809.5,1
2024-10-01 00:00:17.273091,TRADE,5809.5,1
2024-10-01 00:00:17.926900,TRADE,5809.5,3
2024-10-01 00:00:18.534360,TRADE,5809.25,1
2024-10-01 00:00:19.516832,TRADE,5809.5,1
2024-10-01 00:00:20.103261,TRADE,5809.25,1
2024-10-01 00:00:20.103484,TRADE,5809.25,1
2024-10-01 00:00:20.778068,TRADE,5809.5,2
2024-10-01 00:00:21.003512,TRADE,5809.75,24
2024-10-01 00:00:21.003527,TRADE,5810.0,1
2024-10-01 00:00:21.003527,TRADE,5810.0,1
2024-10-01 00:00:21.003572,TRADE,5810.0,2
2024-10-01 00:00:21.003579,TRADE,5810.0,2
2024-10-01 00:00:21.003585,TRADE,5810.0,2
2024-10-01 00:00:21.020058,TRADE,5810.0,11
2024-10-01 00:00:21.026205,TRADE,5810.0,1
2024-10-01 00:00:21.027405,TRADE,5810.0,1
2024-10-01 00:00:21.316459,TRADE,5810.0,1
2024-10-01 00:00:21.316694,TRADE,5810.0,14
2024-10-01 00:00:21.316888,TRADE,5810.0,1
2024-10-01 00:00:21.316944,TRADE,5810.0,1
2024-10-01 00:00:21.317004,TRADE,5810.0,1
2024-10-01 00:00:21.317004,TRADE,5810.0,1
2024-10-01 00:00:21.317033,TRADE,5810.0,2
2024-10-01 00:00:21.422478,TRADE,5810.0,2
2024-10-01 00:00:21.422659,TRADE,5810.0,1
2024-10-01 00:00:22.199406,TRADE,5810.0,2
2024-10-01 00:00:22.200389,TRADE,5810.0,2
2024-10-01 00:00:22.201340,TRADE,5810.0,1
2024-10-01 00:00:23.514571,TRADE,5810.0,1
2024-10-01 00:00:23.538649,TRADE,5810.0,1
2024-10-01 00:00:23.630297,TRADE,5810.0,1
2024-10-01 00:00:24.942207,TRADE,5810.0,2
2024-10-01 00:00:25.158017,TRADE,5810.0,1
2024-10-01 00:00:27.270069,TRADE,5810.0,6
2024-10-01 00:00:28.018404,TRADE,5810.0,1
2024-10-01 00:00:30.110775,TRADE,5809.75,1
2024-10-01 00:00:30.111016,TRADE,5809.75,1
2024-10-01 00:00:31.239588,TRADE,5810.0,1
2024-10-01 00:00:31.766914,TRADE,5809.75,2
2024-10-01 00:00:32.227688,TRADE,5809.75,1
2024-10-01 00:00:36.949984,TRADE,5810.0,2
2024-10-01 00:00:38.374770,TRADE,5810.0,1
2024-10-01 00:00:40.252229,TRADE,5809.75,1
2024-10-01 00:00:40.252458,TRADE,5809.75,2
2024-10-01 00:00:40.252495,TRADE,5809.75,1
2024-10-01 00:00:40.268790,TRADE,5810.0,1
2024-10-01 00:00:41.097105,TRADE,5809.75,1
2024-10-01 00:00:42.476609,TRADE,5810.0,1
2024-10-01 00:00:43.226094,TRADE,5810.0,1
2024-10-01 00:00:44.557170,TRADE,5810.0,2
2024-10-01 00:00:44.557427,TRADE,5810.0,4
2024-10-01 00:00:44.557446,TRADE,5810.0,1
2024-10-01 00:00:44.557646,TRADE,5810.0,1
2024-10-01 00:00:44.557717,TRADE,5810.0,10
2024-10-01 00:00:44.559337,TRADE,5810.0,5
2024-10-01 00:00:44.559379,TRADE,5810.0,1
2024-10-01 00:00:44.559888,TRADE,5810.0,2
2024-10-01 00:00:44.559931,TRADE,5810.0,1
2024-10-01 00:00:44.639988,TRADE,5810.0,2
2024-10-01 00:00:44.640244,TRADE,5810.0,3
2024-10-01 00:00:45.249431,TRADE,5810.0,1
2024-10-01 00:00:45.291417,TRADE,5810.0,1
2024-10-01 00:00:45.312617,TRADE,5810.0,1
2024-10-01 00:00:46.097816,TRADE,5810.25,15
2024-10-01 00:00:46.097831,TRADE,5810.25,1
2024-10-01 00:00:47.382306,TRADE,5810.25,1
2024-10-01 00:00:47.676072,TRADE,5810.25,1
2024-10-01 00:00:48.121876,TRADE,5810.0,2
2024-10-01 00:00:51.528931,TRADE,5810.25,1
2024-10-01 00:00:52.371455,TRADE,5810.0,1
2024-10-01 00:00:54.004549,TRADE,5810.0,21
2024-10-01 00:00:54.005104,TRADE,5810.0,1
2024-10-01 00:00:54.005228,TRADE,5810.0,2
2024-10-01 00:00:54.005289,TRADE,5810.0,1
2024-10-01 00:00:54.363264,TRADE,5809.75,1
2024-10-01 00:00:55.009195,TRADE,5810.0,2
2024-10-01 00:00:55.009503,TRADE,5810.0,4
2024-10-01 00:01:00.213770,TRADE,5810.0,1
2024-10-01 00:01:00.214675,TRADE,5810.0,2
2024-10-01 00:01:00.214723,TRADE,5810.0,2
2024-10-01 00:01:00.214765,TRADE,5810.0,3
2024-10-01 00:01:00.214841,TRADE,5810.0,1
2024-10-01 00:01:00.674781,TRADE,5810.0,1
2024-10-01 00:01:02.187930,TRADE,5809.75,15
2024-10-01 00:01:02.188531,TRADE,5809.75,1
2024-10-01 00:01:02.211819,TRADE,5809.75,1
2024-10-01 00:01:02.893925,TRADE,5809.5,12
2024-10-01 00:01:02.894466,TRADE,5809.5,2
2024-10-01 00:01:04.818411,TRADE,5809.5,2
2024-10-01 00:01:04.818718,TRADE,5809.5,7
2024-10-01 00:01:05.108532,TRADE,5809.5,1
2024-10-01 00:01:05.108758,TRADE,5809.5,1
2024-10-01 00:01:05.109024,TRADE,5809.5,4
2024-10-01 00:01:06.325030,TRADE,5809.5,5
2024-10-01 00:01:06.335435,TRADE,5809.5,1
2024-10-01 00:01:06.335617,TRADE,5809.5,1
2024-10-01 00:01:06.335656,TRADE,5809.5,1
2024-10-01 00:01:06.789797,TRADE,5809.5,5
2024-10-01 00:01:07.140393,TRADE,5809.5,3
2024-10-01 00:01:07.195353,TRADE,5809.5,1
2024-10-01 00:01:07.195630,TRADE,5809.5,2
2024-10-01 00:01:22.667334,TRADE,5809.25,10
2024-10-01 00:01:22.667348,TRADE,5809.0,1
2024-10-01 00:01:22.667348,TRADE,5809.0,1
2024-10-01 00:01:22.668139,TRADE,5809.25,1
2024-10-01 00:01:22.695028,TRADE,5809.0,2
2024-10-01 00:01:22.708978,TRADE,5809.0,1
2024-10-01 00:01:23.479081,TRADE,5809.0,1
2024-10-01 00:01:24.552949,TRADE,5809.25,1
2024-10-01 00:01:26.887266,TRADE,5809.0,1
2024-10-01 00:01:29.553456,TRADE,5809.25,12
2024-10-01 00:01:29.587140,TRADE,5809.25,3
2024-10-01 00:01:29.587673,TRADE,5809.25,1
2024-10-01 00:01:29.591695,TRADE,5809.0,1
2024-10-01 00:01:29.599387,TRADE,5809.25,2
2024-10-01 00:01:30.239710,TRADE,5809.25,2
2024-10-01 00:01:30.344864,TRADE,5809.25,1
2024-10-01 00:01:31.260803,TRADE,5809.25,1
2024-10-01 00:01:32.239863,TRADE,5809.25,4
2024-10-01 00:01:32.240242,TRADE,5809.25,1
2024-10-01 00:01:32.240328,TRADE,5809.25,1
2024-10-01 00:01:32.241008,TRADE,5809.25,1
2024-10-01 00:01:32.350038,TRADE,5809.25,1
2024-10-01 00:01:32.407810,TRADE,5809.25,1
2024-10-01 00:01:32.471579,TRADE,5809.0,1
2024-10-01 00:01:33.659758,TRADE,5809.25,1
2024-10-01 00:01:33.660150,TRADE,5809.25,7
2024-10-01 00:01:33.661852,TRADE,5809.25,3
2024-10-01 00:01:33.662071,TRADE,5809.25,1
2024-10-01 00:01:33.662111,TRADE,5809.25,1
2024-10-01 00:01:33.662400,TRADE,5809.25,2
2024-10-01 00:01:33.662739,TRADE,5809.25,1
2024-10-01 00:01:33.779351,TRADE,5809.0,2
2024-10-01 00:01:34.579989,TRADE,5809.25,1
2024-10-01 00:01:34.607800,TRADE,5809.0,1
2024-10-01 00:01:34.612828,TRADE,5809.0,13
2024-10-01 00:01:34.979199,TRADE,5809.0,1
2024-10-01 00:01:35.289227,TRADE,5808.75,11
2024-10-01 00:01:35.404884,TRADE,5808.5,1
2024-10-01 00:01:35.405261,TRADE,5808.5,12
2024-10-01 00:01:35.405933,TRADE,5808.5,4
2024-10-01 00:01:35.406171,TRADE,5808.5,1
2024-10-01 00:01:35.952396,TRADE,5808.5,1
2024-10-01 00:01:37.973722,TRADE,5808.5,2
2024-10-01 00:01:38.316655,TRADE,5808.5,3
2024-10-01 00:01:42.092275,TRADE,5808.5,3
2024-10-01 00:01:42.092701,TRADE,5808.5,1
2024-10-01 00:01:42.092904,TRADE,5808.5,3
2024-10-01 00:01:44.269906,TRADE,5808.5,2
2024-10-01 00:01:44.270103,TRADE,5808.5,1
2024-10-01 00:01:44.270136,TRADE,5808.5,1
2024-10-01 00:01:44.270349,TRADE,5808.5,1
2024-10-01 00:01:44.270481,TRADE,5808.5,1
2024-10-01 00:01:48.192828,TRADE,5808.5,6
2024-10-01 00:01:49.786843,TRADE,5808.5,4
2024-10-01 00:01:50.087899,TRADE,5808.5,1
2024-10-01 00:01:53.043767,TRADE,5808.5,1
2024-10-01 00:01:53.462965,TRADE,5808.75,11
2024-10-01 00:01:55.803813,TRADE,5808.75,1
2024-10-01 00:02:00.038896,TRADE,5808.75,4
2024-10-01 00:02:00.038989,TRADE,5808.75,2
2024-10-01 00:02:00.038989,TRADE,5808.75,3
2024-10-01 00:02:01.242482,TRADE,5808.5,11
2024-10-01 00:02:01.458568,TRADE,5808.25,9
2024-10-01 00:02:01.458580,TRADE,5808.0,1
2024-10-01 00:02:01.635688,TRADE,5808.0,16
2024-10-01 00:02:01.636327,TRADE,5808.0,1
2024-10-01 00:02:01.721044,TRADE,5808.0,10
2024-10-01 00:02:01.721438,TRADE,5808.0,1
2024-10-01 00:02:01.721653,TRADE,5808.0,1
2024-10-01 00:02:02.146244,TRADE,5808.0,2
2024-10-01 00:02:04.340412,TRADE,5807.75,10
2024-10-01 00:02:04.341280,TRADE,5807.75,1
2024-10-01 00:02:04.453193,TRADE,5807.5,8
2024-10-01 00:02:05.754823,TRADE,5807.25,2
2024-10-01 00:02:05.754835,TRADE,5807.25,6
2024-10-01 00:02:05.754835,TRADE,5807.25,2
2024-10-01 00:02:05.754835,TRADE,5807.25,2
2024-10-01 00:02:05.754971,TRADE,5807.25,1
2024-10-01 00:02:06.901170,TRADE,5807.25,5
2024-10-01 00:02:07.050918,TRADE,5807.25,2
2024-10-01 00:02:07.050947,TRADE,5807.25,1
2024-10-01 00:02:07.051328,TRADE,5807.25,3
2024-10-01 00:02:07.051539,TRADE,5807.25,2
2024-10-01 00:02:07.051740,TRADE,5807.25,1
2024-10-01 00:02:07.874847,TRADE,5807.25,3
2024-10-01 00:02:08.867792,TRADE,5807.25,1
2024-10-01 00:02:08.867830,TRADE,5807.25,1
2024-10-01 00:02:08.868037,TRADE,5807.25,1
2024-10-01 00:02:08.868260,TRADE,5807.25,2
2024-10-01 00:02:09.426950,TRADE,5807.25,1
2024-10-01 00:02:09.618627,TRADE,5807.0,12
2024-10-01 00:02:09.618643,TRADE,5806.75,1
2024-10-01 00:02:10.003057,TRADE,5807.0,7
2024-10-01 00:02:10.191368,TRADE,5807.25,3
2024-10-01 00:02:11.771170,TRADE,5807.5,2
2024-10-01 00:02:11.771380,TRADE,5807.5,6
2024-10-01 00:02:11.771419,TRADE,5807.5,1
2024-10-01 00:02:12.444414,TRADE,5807.5,2
2024-10-01 00:02:12.444649,TRADE,5807.5,1
2024-10-01 00:02:17.168850,TRADE,5807.5,7
2024-10-01 00:02:19.561310,TRADE,5807.5,4
2024-10-01 00:02:19.825836,TRADE,5807.25,2
2024-10-01 00:02:24.371322,TRADE,5807.25,1
2024-10-01 00:02:24.584107,TRADE,5807.0,16
2024-10-01 00:02:24.625061,TRADE,5806.75,17
2024-10-01 00:02:25.076333,TRADE,5806.75,4
2024-10-01 00:02:25.076519,TRADE,5806.75,1
2024-10-01 00:02:25.076582,TRADE,5806.75,1
2024-10-01 00:02:25.077929,TRADE,5806.75,1
2024-10-01 00:02:25.078097,TRADE,5806.75,1
2024-10-01 00:02:25.078345,TRADE,5806.75,1
2024-10-01 00:02:25.079635,TRADE,5806.75,1
2024-10-01 00:02:27.400334,TRADE,5806.75,1
2024-10-01 00:02:28.156593,TRADE,5806.5,1
2024-10-01 00:02:33.610532,TRADE,5806.5,2
2024-10-01 00:02:33.610978,TRADE,5806.5,8
2024-10-01 00:02:34.635412,TRADE,5806.25,2
2024-10-01 00:02:34.635607,TRADE,5806.25,1
2024-10-01 00:02:34.635769,TRADE,5806.25,9
2024-10-01 00:02:36.944704,TRADE,5806.25,2
2024-10-01 00:02:36.944728,TRADE,5806.25,1
2024-10-01 00:02:36.944799,TRADE,5806.25,4
2024-10-01 00:02:36.985569,TRADE,5806.25,7
2024-10-01 00:02:37.186024,TRADE,5806.25,1
2024-10-01 00:02:37.186271,TRADE,5806.25,1
2024-10-01 00:02:37.188937,TRADE,5806.25,1
2024-10-01 00:02:40.354164,TRADE,5806.5,2
2024-10-01 00:02:40.354202,TRADE,5806.5,5
2024-10-01 00:02:40.354238,TRADE,5806.5,2
2024-10-01 00:02:40.354280,TRADE,5806.5,1
2024-10-01 00:02:41.166538,TRADE,5806.75,2
2024-10-01 00:02:41.166735,TRADE,5806.75,1
2024-10-01 00:02:41.166817,TRADE,5806.75,1
2024-10-01 00:02:44.549866,TRADE,5806.75,2
2024-10-01 00:02:44.550535,TRADE,5806.75,1
2024-10-01 00:02:44.550577,TRADE,5806.75,2
2024-10-01 00:02:46.421527,TRADE,5806.75,2
2024-10-01 00:02:46.570246,TRADE,5806.75,1
2024-10-01 00:02:49.540499,TRADE,5807.0,3
2024-10-01 00:02:50.165026,TRADE,5807.25,1
2024-10-01 00:02:52.902062,TRADE,5807.0,2
2024-10-01 00:02:52.902121,TRADE,5807.0,1
2024-10-01 00:02:52.902121,TRADE,5807.0,2
2024-10-01 00:02:52.902390,TRADE,5807.0,1
2024-10-01 00:02:55.196631,TRADE,5807.0,1
2024-10-01 00:02:56.378543,TRADE,5807.0,1
2024-10-01 00:03:01.396965,TRADE,5807.25,1
2024-10-01 00:03:01.936011,TRADE,5807.25,9
2024-10-01 00:03:01.936011,TRADE,5807.5,23
2024-10-01 00:03:01.936589,TRADE,5807.5,2
2024-10-01 00:03:01.936642,TRADE,5807.5,4
2024-10-01 00:03:01.936698,TRADE,5807.5,4
2024-10-01 00:03:01.937042,TRADE,5807.5,4
2024-10-01 00:03:01.937163,TRADE,5807.5,1
2024-10-01 00:03:01.937163,TRADE,5807.5,1
2024-10-01 00:03:01.937163,TRADE,5807.5,1
2024-10-01 00:03:01.937205,TRADE,5807.5,1
2024-10-01 00:03:01.939193,TRADE,5807.75,6
2024-10-01 00:03:01.939452,TRADE,5807.5,6
2024-10-01 00:03:01.939530,TRADE,5807.75,2
2024-10-01 00:03:01.939682,TRADE,5807.75,1
2024-10-01 00:03:01.939944,TRADE,5807.75,1
2024-10-01 00:03:01.939996,TRADE,5807.75,1
2024-10-01 00:03:01.940115,TRADE,5807.75,2
2024-10-01 00:03:01.940412,TRADE,5807.75,1
2024-10-01 00:03:01.940576,TRADE,5807.75,2
2024-10-01 00:03:01.940576,TRADE,5807.75,1
2024-10-01 00:03:01.940784,TRADE,5807.75,1
2024-10-01 00:03:01.940943,TRADE,5807.75,1
2024-10-01 00:03:04.065058,TRADE,5808.0,2
2024-10-01 00:03:04.065251,TRADE,5808.0,1
2024-10-01 00:03:04.229070,TRADE,5808.0,1
2024-10-01 00:03:04.229179,TRADE,5808.0,2
2024-10-01 00:03:04.229410,TRADE,5808.0,1
2024-10-01 00:03:04.229511,TRADE,5808.0,1
2024-10-01 00:03:05.008119,TRADE,5808.0,2
2024-10-01 00:03:05.008189,TRADE,5808.0,1
2024-10-01 00:03:05.737056,TRADE,5808.0,1
2024-10-01 00:03:08.615576,TRADE,5808.0,2
2024-10-01 00:03:08.615696,TRADE,5808.0,1
2024-10-01 00:03:08.615696,TRADE,5808.0,5
2024-10-01 00:03:08.617229,TRADE,5808.0,1
2024-10-01 00:03:08.618437,TRADE,5808.0,2
2024-10-01 00:03:15.623630,TRADE,5808.0,5
2024-10-01 00:03:16.237032,TRADE,5808.0,6
2024-10-01 00:03:16.237032,TRADE,5808.25,3
2024-10-01 00:03:17.737895,TRADE,5808.0,2
2024-10-01 00:03:17.738093,TRADE,5808.0,1
2024-10-01 00:03:22.449470,TRADE,5808.0,2
2024-10-01 00:03:22.449540,TRADE,5808.0,1
2024-10-01 00:03:22.449540,TRADE,5808.0,1
2024-10-01 00:03:22.449662,TRADE,5808.0,1
2024-10-01 00:03:22.449808,TRADE,5808.0,1
2024-10-01 00:03:24.782073,TRADE,5808.0,1
2024-10-01 00:03:31.186174,TRADE,5808.0,1
2024-10-01 00:03:31.534664,TRADE,5808.0,1
2024-10-01 00:03:33.849588,TRADE,5808.0,1
2024-10-01 00:03:34.249247,TRADE,5808.0,1
2024-10-01 00:03:35.478356,TRADE,5808.25,1
2024-10-01 00:03:35.478595,TRADE,5808.25,2
2024-10-01 00:03:35.478787,TRADE,5808.25,1
2024-10-01 00:03:40.932412,TRADE,5808.25,5
2024-10-01 00:03:45.470311,TRADE,5808.5,13
2024-10-01 00:03:45.497315,TRADE,5808.5,2
2024-10-01 00:03:46.477865,TRADE,5808.75,6
2024-10-01 00:03:46.478041,TRADE,5808.75,1
2024-10-01 00:03:46.478082,TRADE,5808.75,1
2024-10-01 00:03:46.478136,TRADE,5808.75,1
2024-10-01 00:03:46.478324,TRADE,5808.75,1
2024-10-01 00:03:47.273343,TRADE,5808.5,2
2024-10-01 00:03:47.353489,TRADE,5808.5,1
2024-10-01 00:03:48.367392,TRADE,5808.5,2
2024-10-01 00:03:48.367977,TRADE,5808.5,2
2024-10-01 00:03:48.658977,TRADE,5808.5,11
2024-10-01 00:03:48.684539,TRADE,5808.5,2
2024-10-01 00:03:48.735435,TRADE,5808.25,1
2024-10-01 00:03:48.735446,TRADE,5808.25,1
2024-10-01 00:03:49.925962,TRADE,5808.25,4
2024-10-01 00:03:49.926011,TRADE,5808.25,2
2024-10-01 00:03:49.926011,TRADE,5808.25,3
2024-10-01 00:03:49.926052,TRADE,5808.25,1
2024-10-01 00:03:49.926187,TRADE,5808.25,40
2024-10-01 00:03:49.929381,TRADE,5808.25,1
2024-10-01 00:03:49.929662,TRADE,5808.25,4
2024-10-01 00:03:55.253198,TRADE,5808.5,1
2024-10-01 00:03:56.968502,TRADE,5808.5,1
2024-10-01 00:04:00.348442,TRADE,5808.5,1
2024-10-01 00:04:03.166611,TRADE,5808.25,2
2024-10-01 00:04:03.167763,TRADE,5808.25,3
2024-10-01 00:04:06.926319,TRADE,5808.0,10
2024-10-01 00:04:06.926671,TRADE,5808.0,2
2024-10-01 00:04:06.927204,TRADE,5808.0,1
2024-10-01 00:04:06.927204,TRADE,5808.0,1
2024-10-01 00:04:06.927237,TRADE,5808.0,1
2024-10-01 00:04:06.927356,TRADE,5808.0,1
2024-10-01 00:04:08.433976,TRADE,5808.0,1
2024-10-01 00:04:16.408897,TRADE,5808.25,1
2024-10-01 00:04:16.875447,TRADE,5808.25,2
2024-10-01 00:04:26.366665,TRADE,5808.5,4
2024-10-01 00:04:26.366694,TRADE,5808.5,1
2024-10-01 00:04:33.810805,TRADE,5808.5,2
2024-10-01 00:04:33.810980,TRADE,5808.5,3
2024-10-01 00:04:33.811004,TRADE,5808.5,2
2024-10-01 00:04:33.811106,TRADE,5808.5,1
2024-10-01 00:04:45.005618,TRADE,5808.25,3
2024-10-01 00:04:48.237703,TRADE,5808.25,1
2024-10-01 00:04:49.696962,TRADE,5808.25,1
2024-10-01 00:04:54.955526,TRADE,5808.25,1
2024-10-01 00:05:03.914114,TRADE,5808.0,1
2024-10-01 00:05:03.914334,TRADE,5808.0,3
2024-10-01 00:05:03.914451,TRADE,5808.0,3
2024-10-01 00:05:03.914451,TRADE,5808.0,2
2024-10-01 00:05:03.914533,TRADE,5808.0,1
2024-10-01 00:05:04.004538,TRADE,5808.0,2
2024-10-01 00:05:07.686090,TRADE,5808.25,1
2024-10-01 00:05:07.686370,TRADE,5808.25,5
2024-10-01 00:05:13.966348,TRADE,5808.5,1
2024-10-01 00:05:13.966608,TRADE,5808.5,1
2024-10-01 00:05:13.966777,TRADE,5808.5,1
2024-10-01 00:05:14.883447,TRADE,5808.5,1
2024-10-01 00:05:17.686979,TRADE,5808.5,1
2024-10-01 00:05:17.688681,TRADE,5808.25,2
2024-10-01 00:05:17.689057,TRADE,5808.25,1
2024-10-01 00:05:17.689138,TRADE,5808.25,2
2024-10-01 00:05:17.690281,TRADE,5808.25,1
2024-10-01 00:05:17.690324,TRADE,5808.25,1
2024-10-01 00:05:17.691022,TRADE,5808.25,2
2024-10-01 00:05:18.062345,TRADE,5808.5,1
2024-10-01 00:05:23.977455,TRADE,5808.5,2
2024-10-01 00:05:23.977501,TRADE,5808.5,3
2024-10-01 00:05:23.977524,TRADE,5808.5,1
2024-10-01 00:05:26.696260,TRADE,5808.75,1
2024-10-01 00:05:27.916576,TRADE,5808.75,1
2024-10-01 00:05:28.188891,TRADE,5808.75,4
2024-10-01 00:05:28.189277,TRADE,5808.75,1
2024-10-01 00:05:30.380827,TRADE,5808.75,1
2024-10-01 00:05:33.478983,TRADE,5809.0,1
2024-10-01 00:05:33.479219,TRADE,5809.0,5
2024-10-01 00:05:33.480239,TRADE,5809.0,1
2024-10-01 00:05:33.480451,TRADE,5809.0,1
2024-10-01 00:05:33.944071,TRADE,5809.0,2
2024-10-01 00:05:34.024364,TRADE,5809.0,1
2024-10-01 00:05:34.931820,TRADE,5809.25,1
2024-10-01 00:05:35.381093,TRADE,5809.25,10
2024-10-01 00:05:35.853766,TRADE,5809.25,1
2024-10-01 00:05:36.192336,TRADE,5809.25,5
2024-10-01 00:05:40.759426,TRADE,5809.25,2
2024-10-01 00:05:40.759630,TRADE,5809.25,1
2024-10-01 00:05:42.690262,TRADE,5809.0,1
2024-10-01 00:05:43.148606,TRADE,5809.25,1
2024-10-01 00:05:46.800879,TRADE,5809.25,1
2024-10-01 00:05:46.800922,TRADE,5809.25,2
2024-10-01 00:05:46.800946,TRADE,5809.25,1
2024-10-01 00:05:46.801169,TRADE,5809.0,1
2024-10-01 00:05:50.363698,TRADE,5809.25,1
2024-10-01 00:05:51.450009,TRADE,5809.5,1
2024-10-01 00:05:51.450020,TRADE,5809.5,1
2024-10-01 00:05:51.550495,TRADE,5809.5,2
2024-10-01 00:05:51.550548,TRADE,5809.5,1
2024-10-01 00:05:51.551243,TRADE,5809.5,1
2024-10-01 00:05:54.681094,TRADE,5809.5,1
2024-10-01 00:05:55.858464,TRADE,5809.5,1
2024-10-01 00:05:55.858487,TRADE,5809.5,1
2024-10-01 00:05:58.273653,TRADE,5809.5,5
2024-10-01 00:06:01.892659,TRADE,5809.5,4
2024-10-01 00:06:25.256457,TRADE,5809.25,14
2024-10-01 00:06:25.257313,TRADE,5809.0,26
2024-10-01 00:06:25.258698,TRADE,5808.75,1
2024-10-01 00:06:25.286490,TRADE,5808.75,1
2024-10-01 00:06:32.644102,TRADE,5809.0,1
2024-10-01 00:06:33.815807,TRADE,5809.0,1
2024-10-01 00:06:33.815862,TRADE,5809.0,2
2024-10-01 00:06:33.815922,TRADE,5809.0,2
2024-10-01 00:06:33.815987,TRADE,5809.0,1
2024-10-01 00:06:33.816143,TRADE,5809.0,1
2024-10-01 00:06:33.816190,TRADE,5809.0,2
2024-10-01 00:06:38.348212,TRADE,5809.0,1
2024-10-01 00:06:38.348394,TRADE,5809.0,4
2024-10-01 00:06:38.348603,TRADE,5809.0,1
2024-10-01 00:06:38.348669,TRADE,5809.0,4
2024-10-01 00:06:38.348974,TRADE,5809.0,1
2024-10-01 00:06:38.870418,TRADE,5808.75,5
2024-10-01 00:06:42.589072,TRADE,5808.75,5
2024-10-01 00:06:42.589103,TRADE,5808.75,2
2024-10-01 00:06:42.589180,TRADE,5808.75,3
2024-10-01 00:06:42.589270,TRADE,5808.75,2
2024-10-01 00:06:42.589270,TRADE,5808.75,1
2024-10-01 00:06:42.589777,TRADE,5808.75,1
2024-10-01 00:06:44.193014,TRADE,5808.75,2
2024-10-01 00:06:50.285252,TRADE,5808.75,6
2024-10-01 00:06:50.286549,TRADE,5808.75,1
2024-10-01 00:06:50.286587,TRADE,5808.75,1
2024-10-01 00:06:50.286803,TRADE,5808.75,1
2024-10-01 00:06:50.287487,TRADE,5808.75,3
2024-10-01 00:06:50.288187,TRADE,5808.75,1
2024-10-01 00:06:50.438104,TRADE,5808.75,1
2024-10-01 00:06:52.804599,TRADE,5808.75,2
2024-10-01 00:06:52.804798,TRADE,5808.75,1
2024-10-01 00:06:52.804906,TRADE,5808.75,1
2024-10-01 00:06:53.341725,TRADE,5808.5,1
2024-10-01 00:06:54.454342,TRADE,5808.75,1
2024-10-01 00:06:56.485998,TRADE,5808.75,2
2024-10-01 00:06:57.511360,TRADE,5808.75,4
2024-10-01 00:06:57.511555,TRADE,5808.75,1
2024-10-01 00:07:00.836911,TRADE,5808.75,2
2024-10-01 00:07:05.233111,TRADE,5808.5,16
2024-10-01 00:07:08.567775,TRADE,5808.25,1
2024-10-01 00:07:08.567787,TRADE,5808.25,1
2024-10-01 00:07:30.879492,TRADE,5808.5,1
2024-10-01 00:07:33.285881,TRADE,5808.5,2
2024-10-01 00:07:33.285933,TRADE,5808.5,2
2024-10-01 00:07:33.286015,TRADE,5808.5,2
2024-10-01 00:07:33.286015,TRADE,5808.5,1
2024-10-01 00:07:33.286062,TRADE,5808.5,1
2024-10-01 00:07:33.286062,TRADE,5808.5,1
2024-10-01 00:07:33.286196,TRADE,5808.5,4
2024-10-01 00:07:33.286323,TRADE,5808.5,9
2024-10-01 00:07:47.187175,TRADE,5808.5,11
2024-10-01 00:07:49.464271,TRADE,5808.5,8
2024-10-01 00:07:50.159550,TRADE,5808.75,6
2024-10-01 00:08:00.286299,TRADE,5808.75,2
2024-10-01 00:08:07.973607,TRADE,5808.75,5
2024-10-01 00:08:07.973695,TRADE,5808.75,1
2024-10-01 00:08:07.973695,TRADE,5808.75,5
2024-10-01 00:08:07.974091,TRADE,5808.75,2
2024-10-01 00:08:08.029139,TRADE,5808.75,1
2024-10-01 00:08:08.029415,TRADE,5808.75,4
2024-10-01 00:08:08.029728,TRADE,5808.75,1
2024-10-01 00:08:08.435363,TRADE,5808.75,9
2024-10-01 00:08:08.435645,TRADE,5808.75,29
2024-10-01 00:08:08.435737,TRADE,5808.75,1
2024-10-01 00:08:08.435912,TRADE,5808.75,1
2024-10-01 00:08:11.555954,TRADE,5809.0,2
2024-10-01 00:08:11.556119,TRADE,5809.0,1
2024-10-01 00:08:11.556219,TRADE,5809.0,3
2024-10-01 00:08:13.923401,TRADE,5809.25,1
2024-10-01 00:08:13.923412,TRADE,5809.25,3
2024-10-01 00:08:17.439200,TRADE,5809.25,1
2024-10-01 00:08:18.931061,TRADE,5809.0,6
2024-10-01 00:08:29.386285,TRADE,5808.75,1
2024-10-01 00:08:32.364930,TRADE,5809.0,1
2024-10-01 00:08:32.538165,TRADE,5808.75,1
2024-10-01 00:08:39.061133,TRADE,5809.0,5
2024-10-01 00:08:45.835331,TRADE,5809.0,1
2024-10-01 00:08:51.710203,TRADE,5809.0,10
2024-10-01 00:08:52.653275,TRADE,5809.0,7
2024-10-01 00:08:53.160644,TRADE,5809.0,2
2024-10-01 00:08:54.413533,TRADE,5809.0,3
2024-10-01 00:08:55.207391,TRADE,5809.0,7
2024-10-01 00:08:56.189471,TRADE,5809.0,9
2024-10-01 00:08:56.299607,TRADE,5809.0,2
2024-10-01 00:09:00.743069,TRADE,5809.0,1
2024-10-01 00:09:00.743467,TRADE,5809.0,9
2024-10-01 00:09:00.746024,TRADE,5809.0,2
2024-10-01 00:09:13.819799,TRADE,5809.25,2
2024-10-01 00:09:20.929306,TRADE,5809.5,1
2024-10-01 00:09:23.313995,TRADE,5809.5,2
2024-10-01 00:09:23.314500,TRADE,5809.5,1
2024-10-01 00:09:23.314500,TRADE,5809.5,2
2024-10-01 00:09:23.314639,TRADE,5809.5,1
2024-10-01 00:09:23.314639,TRADE,5809.5,1
2024-10-01 00:09:23.314639,TRADE,5809.5,1
2024-10-01 00:09:39.890131,TRADE,5809.75,7
2024-10-01 00:09:46.769242,TRADE,5809.75,12
2024-10-01 00:09:49.673184,TRADE,5810.0,2
2024-10-01 00:09:49.991637,TRADE,5810.0,1
2024-10-01 00:09:49.991681,TRADE,5810.0,2
2024-10-01 00:09:49.991751,TRADE,5810.0,1
2024-10-01 00:09:49.991751,TRADE,5810.0,1
2024-10-01 00:09:53.628979,TRADE,5810.0,1
2024-10-01 00:09:54.787014,TRADE,5809.75,1
2024-10-01 00:09:55.140502,TRADE,5810.0,14
2024-10-01 00:09:55.140769,TRADE,5810.0,38
2024-10-01 00:09:56.731359,TRADE,5810.25,3
2024-10-01 00:09:56.731559,TRADE,5810.25,1
2024-10-01 00:10:00.119621,TRADE,5810.0,1
2024-10-01 00:10:02.149785,TRADE,5810.25,2
2024-10-01 00:10:02.149881,TRADE,5810.25,4
2024-10-01 00:10:02.155138,TRADE,5810.25,2
2024-10-01 00:10:02.306919,TRADE,5810.25,2
2024-10-01 00:10:02.535400,TRADE,5810.5,1
2024-10-01 00:10:02.535411,TRADE,5810.5,1
2024-10-01 00:10:02.535411,TRADE,5810.5,1
2024-10-01 00:10:05.930325,TRADE,5810.25,1
2024-10-01 00:10:07.590206,TRADE,5810.5,15
2024-10-01 00:10:08.949011,TRADE,5810.75,1
2024-10-01 00:10:10.409444,TRADE,5810.5,2
2024-10-01 00:10:10.409476,TRADE,5810.5,3
2024-10-01 00:10:10.409531,TRADE,5810.5,1
2024-10-01 00:10:10.409623,TRADE,5810.5,5
2024-10-01 00:10:10.409681,TRADE,5810.5,3
2024-10-01 00:10:10.409861,TRADE,5810.5,12
2024-10-01 00:10:10.410099,TRADE,5810.5,1
2024-10-01 00:10:10.410373,TRADE,5810.5,1
2024-10-01 00:10:10.413037,TRADE,5810.25,1
2024-10-01 00:10:10.413187,TRADE,5810.25,1
2024-10-01 00:10:10.426602,TRADE,5810.5,3
2024-10-01 00:10:10.433605,TRADE,5810.5,2
2024-10-01 00:10:10.456978,TRADE,5810.5,2
2024-10-01 00:10:10.480215,TRADE,5810.5,2
2024-10-01 00:10:10.573240,TRADE,5810.25,6
2024-10-01 00:10:10.573450,TRADE,5810.25,2
2024-10-01 00:10:10.573577,TRADE,5810.25,2
2024-10-01 00:10:10.600060,TRADE,5810.25,3
2024-10-01 00:10:10.600264,TRADE,5810.25,1
2024-10-01 00:10:10.600300,TRADE,5810.25,1
2024-10-01 00:10:10.600340,TRADE,5810.25,1
2024-10-01 00:10:11.098698,TRADE,5810.25,1
2024-10-01 00:10:11.125668,TRADE,5810.25,1
2024-10-01 00:10:12.018395,TRADE,5810.0,1
2024-10-01 00:10:12.018542,TRADE,5810.0,3
2024-10-01 00:10:12.018622,TRADE,5810.0,1
2024-10-01 00:10:12.018622,TRADE,5810.0,2
2024-10-01 00:10:12.018685,TRADE,5810.0,3
2024-10-01 00:10:12.018757,TRADE,5810.0,1
2024-10-01 00:10:12.018833,TRADE,5810.0,2
2024-10-01 00:10:15.844106,TRADE,5810.25,4
2024-10-01 00:10:16.091095,TRADE,5810.5,1
2024-10-01 00:10:18.632600,TRADE,5810.5,1
2024-10-01 00:10:18.632873,TRADE,5810.5,2
2024-10-01 00:10:18.633064,TRADE,5810.5,1
2024-10-01 00:10:20.285110,TRADE,5810.25,1
2024-10-01 00:10:20.285326,TRADE,5810.25,1
2024-10-01 00:10:21.038009,TRADE,5810.25,4
2024-10-01 00:10:21.038169,TRADE,5810.25,1
2024-10-01 00:10:21.038249,TRADE,5810.25,1
2024-10-01 00:10:21.038249,TRADE,5810.25,1
2024-10-01 00:10:21.038475,TRADE,5810.25,2
2024-10-01 00:10:25.567551,TRADE,5810.5,5
2024-10-01 00:10:27.758257,TRADE,5810.5,1
2024-10-01 00:10:30.688799,TRADE,5810.5,1
2024-10-01 00:10:30.939019,TRADE,5810.5,11
2024-10-01 00:10:30.939198,TRADE,5810.5,1
2024-10-01 00:10:31.753227,TRADE,5810.5,1
2024-10-01 00:10:37.011702,TRADE,5810.5,1
2024-10-01 00:10:38.126508,TRADE,5810.5,2
2024-10-01 00:10:38.126965,TRADE,5810.5,1
2024-10-01 00:10:51.492757,TRADE,5810.5,1
2024-10-01 00:10:51.588251,TRADE,5810.5,1
2024-10-01 00:10:51.999069,TRADE,5810.5,2
2024-10-01 00:10:52.478582,TRADE,5810.5,2
2024-10-01 00:10:52.769151,TRADE,5810.5,1
2024-10-01 00:10:53.533998,TRADE,5810.25,1
2024-10-01 00:10:53.604075,TRADE,5810.25,1
2024-10-01 00:10:53.604236,TRADE,5810.25,15
2024-10-01 00:11:03.159371,TRADE,5810.25,2
2024-10-01 00:11:03.159487,TRADE,5810.25,2
2024-10-01 00:11:12.119211,TRADE,5810.5,2
2024-10-01 00:11:17.030877,TRADE,5810.25,9
2024-10-01 00:11:17.030877,TRADE,5810.0,35
2024-10-01 00:11:32.028032,TRADE,5809.75,6
2024-10-01 00:11:32.028462,TRADE,5809.75,3
2024-10-01 00:11:32.028538,TRADE,5809.75,2
2024-10-01 00:11:32.028614,TRADE,5809.75,1
2024-10-01 00:11:33.939172,TRADE,5809.75,1
2024-10-01 00:11:36.038831,TRADE,5809.75,1
2024-10-01 00:11:36.039004,TRADE,5809.75,1
2024-10-01 00:11:36.039531,TRADE,5809.75,1
2024-10-01 00:11:36.039653,TRADE,5809.75,1
2024-10-01 00:11:36.039747,TRADE,5809.75,1
2024-10-01 00:11:36.040827,TRADE,5809.75,1
2024-10-01 00:11:37.373085,TRADE,5809.75,4
2024-10-01 00:11:40.075202,TRADE,5809.75,1
2024-10-01 00:11:44.885852,TRADE,5809.75,2
2024-10-01 00:11:44.886053,TRADE,5809.75,1
2024-10-01 00:11:44.886136,TRADE,5809.75,4
2024-10-01 00:11:49.945314,TRADE,5809.5,1
2024-10-01 00:11:50.144380,TRADE,5809.75,4
2024-10-01 00:11:55.920337,TRADE,5809.5,2
2024-10-01 00:12:01.563629,TRADE,5809.5,4
2024-10-01 00:12:01.563902,TRADE,5809.5,1
2024-10-01 00:12:01.563988,TRADE,5809.5,4
2024-10-01 00:12:02.337685,TRADE,5809.75,5
2024-10-01 00:12:02.985105,TRADE,5809.75,5
2024-10-01 00:12:10.918595,TRADE,5809.5,1
2024-10-01 00:12:11.791582,TRADE,5809.75,1
2024-10-01 00:12:48.788214,TRADE,5809.75,2
2024-10-01 00:12:48.788322,TRADE,5809.75,10
2024-10-01 00:12:54.682073,TRADE,5809.75,13
2024-10-01 00:12:54.682582,TRADE,5809.75,3
2024-10-01 00:12:57.193315,TRADE,5809.5,1
2024-10-01 00:12:57.193577,TRADE,5809.5,2
2024-10-01 00:12:57.193632,TRADE,5809.5,2
2024-10-01 00:12:57.193646,TRADE,5809.5,1
2024-10-01 00:12:59.647155,TRADE,5809.5,6
2024-10-01 00:13:00.141957,TRADE,5809.5,2
2024-10-01 00:13:00.142190,TRADE,5809.5,4
2024-10-01 00:13:02.839243,TRADE,5809.75,5
2024-10-01 00:13:04.132307,TRADE,5809.75,1
2024-10-01 00:13:04.365896,TRADE,5809.75,4
2024-10-01 00:13:10.153749,TRADE,5809.5,1
2024-10-01 00:13:11.194258,TRADE,5809.5,1
2024-10-01 00:13:13.263857,TRADE,5809.75,4
2024-10-01 00:13:13.264245,TRADE,5809.75,1
2024-10-01 00:13:21.427406,TRADE,5809.5,6
2024-10-01 00:13:23.956296,TRADE,5809.25,7
2024-10-01 00:13:25.524804,TRADE,5809.25,1
2024-10-01 00:13:28.020644,TRADE,5809.5,1
2024-10-01 00:13:44.895187,TRADE,5809.5,12
2024-10-01 00:13:52.403481,TRADE,5809.5,1
2024-10-01 00:13:54.944007,TRADE,5809.5,1
2024-10-01 00:13:56.416593,TRADE,5809.5,2
2024-10-01 00:13:56.417515,TRADE,5809.5,1
2024-10-01 00:13:56.712092,TRADE,5809.5,4
2024-10-01 00:14:04.332797,TRADE,5809.5,1
2024-10-01 00:14:04.332856,TRADE,5809.5,2
2024-10-01 00:14:04.332925,TRADE,5809.5,1
2024-10-01 00:14:04.332925,TRADE,5809.5,1
2024-10-01 00:14:04.333033,TRADE,5809.5,3
2024-10-01 00:14:08.188916,TRADE,5809.25,1
2024-10-01 00:14:12.001271,TRADE,5809.25,3
2024-10-01 00:14:21.214564,TRADE,5809.25,1
2024-10-01 00:14:21.214690,TRADE,5809.25,12
2024-10-01 00:14:22.917842,TRADE,5809.25,1
2024-10-01 00:14:26.303914,TRADE,5809.25,7
2024-10-01 00:14:26.351411,TRADE,5809.25,6
2024-10-01 00:14:32.041410,TRADE,5809.0,1
2024-10-01 00:14:32.041422,TRADE,5809.0,2
2024-10-01 00:14:41.899307,TRADE,5809.0,2
2024-10-01 00:14:45.530285,TRADE,5809.0,1
2024-10-01 00:14:54.592390,TRADE,5809.0,1
2024-10-01 00:14:56.254360,TRADE,5809.0,29
2024-10-01 00:14:56.254438,TRADE,5809.0,1
2024-10-01 00:14:56.255072,TRADE,5809.0,1
2024-10-01 00:14:56.282659,TRADE,5808.75,6
2024-10-01 00:14:56.282812,TRADE,5808.75,1
2024-10-01 00:14:56.282846,TRADE,5808.75,1
2024-10-01 00:14:58.077445,TRADE,5808.75,9
2024-10-01 00:14:59.109751,TRADE,5808.5,3
2024-10-01 00:15:00.727312,TRADE,5808.75,8
2024-10-01 00:15:01.716000,TRADE,5808.75,1
2024-10-01 00:15:01.716373,TRADE,5808.75,3
2024-10-01 00:15:02.092734,TRADE,5808.5,2
2024-10-01 00:15:02.214791,TRADE,5808.75,10
2024-10-01 00:15:02.215248,TRADE,5808.75,2
2024-10-01 00:15:02.356989,TRADE,5808.75,1
2024-10-01 00:15:02.357185,TRADE,5808.75,1
2024-10-01 00:15:02.369231,TRADE,5808.75,1
2024-10-01 00:15:02.435138,TRADE,5808.75,1
2024-10-01 00:15:02.486102,TRADE,5808.5,2
2024-10-01 00:15:03.087017,TRADE,5808.75,10
2024-10-01 00:15:03.087195,TRADE,5808.75,1
2024-10-01 00:15:03.313623,TRADE,5808.5,1
2024-10-01 00:15:03.313931,TRADE,5808.75,1
2024-10-01 00:15:05.153590,TRADE,5808.5,6
2024-10-01 00:15:07.074261,TRADE,5808.5,14
2024-10-01 00:15:08.543047,TRADE,5808.5,13
2024-10-01 00:15:10.239314,TRADE,5808.75,4
2024-10-01 00:15:10.239356,TRADE,5808.75,2
2024-10-01 00:15:10.743549,TRADE,5809.0,20
2024-10-01 00:15:10.743562,TRADE,5809.0,1
2024-10-01 00:15:10.743707,TRADE,5809.0,1
2024-10-01 00:15:10.743743,TRADE,5809.0,1
2024-10-01 00:15:10.743821,TRADE,5809.0,1
2024-10-01 00:15:10.743821,TRADE,5809.0,2
2024-10-01 00:15:10.743863,TRADE,5809.0,2
2024-10-01 00:15:10.850076,TRADE,5808.75,24
2024-10-01 00:15:10.850253,TRADE,5808.75,1
2024-10-01 00:15:11.664910,TRADE,5808.5,2
2024-10-01 00:15:11.665211,TRADE,5808.5,1
2024-10-01 00:15:13.958059,TRADE,5808.5,1
2024-10-01 00:15:14.609410,TRADE,5808.25,1
2024-10-01 00:15:16.029118,TRADE,5808.25,19
2024-10-01 00:15:16.093936,TRADE,5808.25,1
2024-10-01 00:15:16.262670,TRADE,5808.0,9
2024-10-01 00:15:16.277823,TRADE,5807.75,1
2024-10-01 00:15:16.278000,TRADE,5807.75,1
2024-10-01 00:15:16.278040,TRADE,5807.75,1
2024-10-01 00:15:16.278427,TRADE,5807.75,2
2024-10-01 00:15:16.335429,TRADE,5807.75,2
2024-10-01 00:15:17.651733,TRADE,5807.5,12
2024-10-01 00:15:17.652369,TRADE,5807.5,2
2024-10-01 00:15:18.751985,TRADE,5807.25,1
2024-10-01 00:15:18.751998,TRADE,5807.25,1
2024-10-01 00:15:18.751998,TRADE,5807.25,1
2024-10-01 00:15:18.806256,TRADE,5807.25,1
2024-10-01 00:15:19.029589,TRADE,5807.5,9
2024-10-01 00:15:19.218804,TRADE,5807.5,1
2024-10-01 00:15:19.219146,TRADE,5807.5,3
2024-10-01 00:15:20.242155,TRADE,5807.5,2
2024-10-01 00:15:21.107429,TRADE,5807.75,1
2024-10-01 00:15:23.653983,TRADE,5807.75,1
2024-10-01 00:15:23.770168,TRADE,5807.5,6
2024-10-01 00:15:23.770414,TRADE,5807.5,2
2024-10-01 00:15:23.801355,TRADE,5807.5,1
2024-10-01 00:15:23.801608,TRADE,5807.5,12
2024-10-01 00:15:26.034193,TRADE,5807.25,2
2024-10-01 00:15:26.034364,TRADE,5807.25,1
2024-10-01 00:15:26.034395,TRADE,5807.25,1
2024-10-01 00:15:26.034464,TRADE,5807.25,1
2024-10-01 00:15:26.034867,TRADE,5807.25,2
2024-10-01 00:15:26.035068,TRADE,5807.25,1
2024-10-01 00:15:26.066163,TRADE,5807.0,9
2024-10-01 00:15:26.066177,TRADE,5806.75,1
2024-10-01 00:15:26.066177,TRADE,5806.75,1
2024-10-01 00:15:26.066177,TRADE,5806.75,2
2024-10-01 00:15:26.066177,TRADE,5806.75,1
2024-10-01 00:15:26.108554,TRADE,5806.75,7
2024-10-01 00:15:26.201161,TRADE,5806.75,1
2024-10-01 00:15:26.359912,TRADE,5806.5,1
2024-10-01 00:15:26.359923,TRADE,5806.5,1
2024-10-01 00:15:26.660211,TRADE,5806.75,2
2024-10-01 00:15:28.083539,TRADE,5806.75,1
2024-10-01 00:15:28.618548,TRADE,5806.75,8
2024-10-01 00:15:28.618811,TRADE,5806.75,2
2024-10-01 00:15:28.618869,TRADE,5806.75,1
2024-10-01 00:15:28.620049,TRADE,5806.75,2
2024-10-01 00:15:30.259035,TRADE,5806.75,1
2024-10-01 00:15:30.339070,TRADE,5806.75,8
2024-10-01 00:15:30.928742,TRADE,5807.0,1
2024-10-01 00:15:31.337600,TRADE,5807.0,1
2024-10-01 00:15:31.431928,TRADE,5806.75,1
2024-10-01 00:15:32.410801,TRADE,5806.75,5
2024-10-01 00:15:32.702788,TRADE,5807.0,1
2024-10-01 00:15:34.447151,TRADE,5806.75,8
2024-10-01 00:15:35.020519,TRADE,5806.5,11
2024-10-01 00:15:35.056660,TRADE,5806.25,2
2024-10-01 00:15:35.056673,TRADE,5806.25,1
2024-10-01 00:15:35.056673,TRADE,5806.25,1
2024-10-01 00:15:35.056673,TRADE,5806.25,1
2024-10-01 00:15:35.370098,TRADE,5806.0,3
2024-10-01 00:15:35.370113,TRADE,5805.75,1
2024-10-01 00:15:35.370113,TRADE,5805.75,1
2024-10-01 00:15:35.370113,TRADE,5805.75,6
2024-10-01 00:15:35.370113,TRADE,5805.75,2
2024-10-01 00:15:35.370113,TRADE,5805.75,2
2024-10-01 00:15:35.370244,TRADE,5805.75,1
2024-10-01 00:15:35.371398,TRADE,5806.0,2
2024-10-01 00:15:35.374181,TRADE,5806.0,4
2024-10-01 00:15:35.374383,TRADE,5806.0,1
2024-10-01 00:15:35.374460,TRADE,5806.0,2
2024-10-01 00:15:35.397803,TRADE,5806.0,1
2024-10-01 00:15:35.442307,TRADE,5806.0,2
2024-10-01 00:15:36.053933,TRADE,5806.0,1
2024-10-01 00:15:36.054178,TRADE,5806.0,3
2024-10-01 00:15:36.237306,TRADE,5805.75,2
2024-10-01 00:15:36.237463,TRADE,5805.75,1
2024-10-01 00:15:36.237507,TRADE,5805.75,1
2024-10-01 00:15:36.813553,TRADE,5805.5,1
2024-10-01 00:15:36.858111,TRADE,5805.75,1
2024-10-01 00:15:36.933017,TRADE,5805.5,6
2024-10-01 00:15:36.933017,TRADE,5805.25,4
2024-10-01 00:15:36.933032,TRADE,5805.25,1
2024-10-01 00:15:38.021791,TRADE,5805.5,2
2024-10-01 00:15:38.021944,TRADE,5805.5,1
2024-10-01 00:15:38.022057,TRADE,5805.5,1
2024-10-01 00:15:38.022191,TRADE,5805.5,5
2024-10-01 00:15:38.022401,TRADE,5805.5,1
2024-10-01 00:15:38.257198,TRADE,5805.75,1
2024-10-01 00:15:38.266715,TRADE,5805.5,2
2024-10-01 00:15:38.351128,TRADE,5805.5,1
2024-10-01 00:15:38.442877,TRADE,5805.5,3
2024-10-01 00:15:38.605548,TRADE,5805.25,2
2024-10-01 00:15:38.605580,TRADE,5805.25,1
2024-10-01 00:15:38.605705,TRADE,5805.25,1
2024-10-01 00:15:38.606072,TRADE,5805.25,1
2024-10-01 00:15:39.123747,TRADE,5805.0,9
2024-10-01 00:15:39.123762,TRADE,5804.75,1
2024-10-01 00:15:39.123762,TRADE,5804.75,1
2024-10-01 00:15:39.124668,TRADE,5805.0,3
2024-10-01 00:15:39.252812,TRADE,5805.0,1
2024-10-01 00:15:39.252902,TRADE,5805.0,4
2024-10-01 00:15:40.266056,TRADE,5805.25,1
2024-10-01 00:15:40.266836,TRADE,5805.25,2
2024-10-01 00:15:40.267185,TRADE,5805.25,2
2024-10-01 00:15:40.271782,TRADE,5805.25,1
2024-10-01 00:15:40.272418,TRADE,5805.25,2
2024-10-01 00:15:40.272782,TRADE,5805.0,2
2024-10-01 00:15:40.357685,TRADE,5805.25,1
2024-10-01 00:15:41.496334,TRADE,5805.25,3
2024-10-01 00:15:41.968293,TRADE,5805.0,1
2024-10-01 00:15:42.593677,TRADE,5805.0,1
2024-10-01 00:15:42.675799,TRADE,5805.0,1
2024-10-01 00:15:42.883459,TRADE,5805.0,1
2024-10-01 00:15:42.953858,TRADE,5804.75,1
2024-10-01 00:15:43.094333,TRADE,5805.0,1
2024-10-01 00:15:43.094490,TRADE,5805.0,1
2024-10-01 00:15:44.045551,TRADE,5804.75,1
2024-10-01 00:15:44.593957,TRADE,5804.75,1
2024-10-01 00:15:45.024296,TRADE,5805.0,1
2024-10-01 00:15:45.024340,TRADE,5805.0,2
2024-10-01 00:15:45.024431,TRADE,5805.0,2
2024-10-01 00:15:45.024431,TRADE,5805.0,1
2024-10-01 00:15:45.540731,TRADE,5805.0,1
2024-10-01 00:15:47.005018,TRADE,5804.75,1
2024-10-01 00:15:48.152761,TRADE,5804.75,1
2024-10-01 00:15:48.370091,TRADE,5804.75,2
2024-10-01 00:15:48.370213,TRADE,5804.75,6
2024-10-01 00:15:48.787031,TRADE,5804.5,5
2024-10-01 00:15:48.828281,TRADE,5804.25,2
2024-10-01 00:15:48.828451,TRADE,5804.25,1
2024-10-01 00:15:48.828493,TRADE,5804.25,1
2024-10-01 00:15:48.828525,TRADE,5804.25,1
2024-10-01 00:15:48.828805,TRADE,5804.25,2
2024-10-01 00:15:48.829051,TRADE,5804.25,1
2024-10-01 00:15:48.829475,TRADE,5804.25,1
2024-10-01 00:15:48.984345,TRADE,5804.5,2
2024-10-01 00:15:48.984588,TRADE,5804.5,1
2024-10-01 00:15:49.524858,TRADE,5804.75,1
2024-10-01 00:15:49.590814,TRADE,5804.5,1
2024-10-01 00:15:49.601280,TRADE,5804.5,5
2024-10-01 00:15:50.040124,TRADE,5804.5,1
2024-10-01 00:15:50.111886,TRADE,5804.5,1
2024-10-01 00:15:50.112115,TRADE,5804.5,1
2024-10-01 00:15:50.182125,TRADE,5804.25,1
2024-10-01 00:15:50.784030,TRADE,5804.25,9
2024-10-01 00:15:50.784401,TRADE,5804.25,1
2024-10-01 00:15:51.105264,TRADE,5804.25,9
2024-10-01 00:15:51.105618,TRADE,5804.25,2
2024-10-01 00:15:51.105830,TRADE,5804.25,1
2024-10-01 00:15:51.602868,TRADE,5804.25,1
2024-10-01 00:15:51.826367,TRADE,5804.25,3
2024-10-01 00:15:52.360139,TRADE,5804.5,2
2024-10-01 00:15:52.360178,TRADE,5804.5,2
2024-10-01 00:15:52.869730,TRADE,5804.75,5
2024-10-01 00:15:54.170490,TRADE,5804.75,7
2024-10-01 00:15:54.258360,TRADE,5805.0,2
2024-10-01 00:15:54.258385,TRADE,5805.0,1
2024-10-01 00:15:54.258570,TRADE,5805.0,10
2024-10-01 00:15:54.367785,TRADE,5805.0,1
2024-10-01 00:15:54.368019,TRADE,5805.0,2
2024-10-01 00:15:54.368339,TRADE,5805.0,1
2024-10-01 00:15:57.610215,TRADE,5805.25,2
2024-10-01 00:15:57.610231,TRADE,5805.25,1
2024-10-01 00:15:57.610490,TRADE,5805.25,3
2024-10-01 00:15:57.652413,TRADE,5805.5,3
2024-10-01 00:15:57.652423,TRADE,5805.5,1
2024-10-01 00:15:57.996773,TRADE,5805.25,2
2024-10-01 00:15:58.385895,TRADE,5805.5,1
2024-10-01 00:15:58.894070,TRADE,5805.25,6
2024-10-01 00:15:59.267779,TRADE,5805.0,1
2024-10-01 00:15:59.581142,TRADE,5805.0,1
2024-10-01 00:16:00.037761,TRADE,5805.0,13
2024-10-01 00:16:00.037761,TRADE,5804.75,21
2024-10-01 00:16:00.037778,TRADE,5804.5,1
2024-10-01 00:16:00.038678,TRADE,5804.75,1
2024-10-01 00:16:00.039142,TRADE,5804.75,3
2024-10-01 00:16:00.044386,TRADE,5804.75,1
2024-10-01 00:16:00.048711,TRADE,5804.5,1
2024-10-01 00:16:00.048965,TRADE,5804.5,3
2024-10-01 00:16:00.120457,TRADE,5804.5,2
2024-10-01 00:16:00.121594,TRADE,5804.5,2
2024-10-01 00:16:00.121913,TRADE,5804.5,2
2024-10-01 00:16:00.122183,TRADE,5804.5,1
2024-10-01 00:16:00.122436,TRADE,5804.5,1
2024-10-01 00:16:00.138025,TRADE,5804.5,1
2024-10-01 00:16:00.480295,TRADE,5804.5,2
2024-10-01 00:16:01.727490,TRADE,5804.5,2
2024-10-01 00:16:03.883592,TRADE,5804.5,6
2024-10-01 00:16:04.479762,TRADE,5804.5,3
2024-10-01 00:16:05.826271,TRADE,5804.5,1
2024-10-01 00:16:05.826477,TRADE,5804.5,1
2024-10-01 00:16:08.605165,TRADE,5804.5,1
2024-10-01 00:16:09.253174,TRADE,5804.75,3
2024-10-01 00:16:10.184220,TRADE,5804.75,2
2024-10-01 00:16:10.184502,TRADE,5805.0,1
2024-10-01 00:16:12.010302,TRADE,5805.0,1
2024-10-01 00:16:12.978889,TRADE,5804.75,4
2024-10-01 00:16:15.486739,TRADE,5805.0,1
2024-10-01 00:16:15.487208,TRADE,5805.0,1
2024-10-01 00:16:15.487393,TRADE,5805.0,1
2024-10-01 00:16:15.487474,TRADE,5805.0,6
2024-10-01 00:16:17.437985,TRADE,5805.0,1
2024-10-01 00:16:17.966200,TRADE,5805.0,2
2024-10-01 00:16:19.580672,TRADE,5805.25,1
2024-10-01 00:16:19.580685,TRADE,5805.25,1
2024-10-01 00:16:19.901534,TRADE,5805.25,1
2024-10-01 00:16:20.300006,TRADE,5805.0,1
2024-10-01 00:16:20.615012,TRADE,5805.25,1
2024-10-01 00:16:21.158250,TRADE,5805.0,1
2024-10-01 00:16:22.426757,TRADE,5805.0,2
2024-10-01 00:16:22.426818,TRADE,5805.0,2
2024-10-01 00:16:22.426818,TRADE,5805.0,3
2024-10-01 00:16:22.426893,TRADE,5805.0,2
2024-10-01 00:16:22.426893,TRADE,5805.0,1
2024-10-01 00:16:22.427071,TRADE,5805.0,1
2024-10-01 00:16:22.625905,TRADE,5804.75,1
2024-10-01 00:16:27.664909,TRADE,5805.25,2
2024-10-01 00:16:27.665113,TRADE,5805.25,2
2024-10-01 00:16:27.665149,TRADE,5805.25,1
2024-10-01 00:16:27.665903,TRADE,5805.25,1
2024-10-01 00:16:28.077133,TRADE,5805.25,4
2024-10-01 00:16:28.842281,TRADE,5805.25,4
2024-10-01 00:16:29.493436,TRADE,5805.5,4
2024-10-01 00:16:29.493469,TRADE,5805.5,2
2024-10-01 00:16:29.493501,TRADE,5805.5,1
2024-10-01 00:16:30.868261,TRADE,5805.5,1
2024-10-01 00:16:30.869339,TRADE,5805.5,1
2024-10-01 00:16:31.917070,TRADE,5805.75,1
2024-10-01 00:16:36.897732,TRADE,5805.75,1
2024-10-01 00:16:36.965382,TRADE,5805.5,1
2024-10-01 00:16:37.438680,TRADE,5805.75,1
2024-10-01 00:16:37.647327,TRADE,5805.5,6
2024-10-01 00:16:38.912529,TRADE,5805.25,2
2024-10-01 00:16:38.912763,TRADE,5805.25,1
2024-10-01 00:16:38.912812,TRADE,5805.25,1
2024-10-01 00:16:39.951942,TRADE,5805.0,3
2024-10-01 00:16:40.100213,TRADE,5805.25,1
2024-10-01 00:16:42.555101,TRADE,5805.0,3
2024-10-01 00:16:44.198951,TRADE,5805.0,1
2024-10-01 00:16:45.485296,TRADE,5805.0,1
2024-10-01 00:16:47.716067,TRADE,5805.0,2
2024-10-01 00:16:48.227094,TRADE,5805.0,3
2024-10-01 00:16:51.002230,TRADE,5804.75,10
2024-10-01 00:16:51.002710,TRADE,5804.75,1
2024-10-01 00:16:51.002807,TRADE,5804.75,5
2024-10-01 00:16:51.002834,TRADE,5804.75,1
2024-10-01 00:16:51.002882,TRADE,5804.75,2
2024-10-01 00:16:51.003065,TRADE,5804.75,1
2024-10-01 00:16:51.003120,TRADE,5804.75,1
2024-10-01 00:16:51.003705,TRADE,5804.75,1
2024-10-01 00:16:51.003851,TRADE,5804.75,1
2024-10-01 00:16:51.003984,TRADE,5804.75,2
2024-10-01 00:16:51.027716,TRADE,5804.5,3
2024-10-01 00:16:51.266520,TRADE,5804.5,8
2024-10-01 00:16:52.869104,TRADE,5804.5,1
2024-10-01 00:16:52.869158,TRADE,5804.5,2
2024-10-01 00:16:52.869289,TRADE,5804.5,1
2024-10-01 00:16:52.869330,TRADE,5804.5,1
2024-10-01 00:16:52.869381,TRADE,5804.5,5
2024-10-01 00:16:53.133216,TRADE,5804.5,4
2024-10-01 00:16:54.176295,TRADE,5804.25,4
2024-10-01 00:16:54.889414,TRADE,5804.25,1
2024-10-01 00:16:55.509981,TRADE,5804.25,1
2024-10-01 00:16:55.628503,TRADE,5804.25,1
2024-10-01 00:16:56.771042,TRADE,5804.25,1
2024-10-01 00:16:56.888462,TRADE,5804.25,1
2024-10-01 00:16:57.061231,TRADE,5804.25,2
2024-10-01 00:16:59.020363,TRADE,5804.5,1
2024-10-01 00:16:59.835342,TRADE,5804.25,1
2024-10-01 00:17:00.594203,TRADE,5804.5,1
2024-10-01 00:17:00.594400,TRADE,5804.5,1
2024-10-01 00:17:00.594441,TRADE,5804.5,1
2024-10-01 00:17:00.594583,TRADE,5804.5,1
2024-10-01 00:17:00.594764,TRADE,5804.5,1
2024-10-01 00:17:00.594830,TRADE,5804.5,2
2024-10-01 00:17:02.184082,TRADE,5804.25,1
2024-10-01 00:17:02.214216,TRADE,5804.25,1
2024-10-01 00:17:02.310665,TRADE,5804.25,2
2024-10-01 00:17:02.772528,TRADE,5804.5,1
2024-10-01 00:17:03.777175,TRADE,5804.75,2
2024-10-01 00:17:03.777185,TRADE,5804.75,1
2024-10-01 00:17:03.839784,TRADE,5804.5,1
2024-10-01 00:17:03.839814,TRADE,5804.5,1
2024-10-01 00:17:03.839977,TRADE,5804.5,3
2024-10-01 00:17:03.840106,TRADE,5804.5,2
2024-10-01 00:17:03.866687,TRADE,5804.5,1
2024-10-01 00:17:04.884067,TRADE,5804.5,1
2024-10-01 00:17:05.463167,TRADE,5804.75,1
2024-10-01 00:17:09.096654,TRADE,5804.5,2
2024-10-01 00:17:10.189783,TRADE,5804.75,1
2024-10-01 00:17:10.189996,TRADE,5804.75,1
2024-10-01 00:17:10.190408,TRADE,5804.75,1
2024-10-01 00:17:10.190450,TRADE,5804.75,1
2024-10-01 00:17:10.587529,TRADE,5804.75,1
2024-10-01 00:17:11.212841,TRADE,5804.75,2
2024-10-01 00:17:15.424463,TRADE,5804.75,1
2024-10-01 00:17:16.707309,TRADE,5804.75,4
2024-10-01 00:17:16.825644,TRADE,5804.75,2
2024-10-01 00:17:21.191395,TRADE,5805.0,4
2024-10-01 00:17:21.192171,TRADE,5805.0,2
2024-10-01 00:17:21.192417,TRADE,5805.0,2
2024-10-01 00:17:21.971013,TRADE,5805.0,4
2024-10-01 00:17:22.546316,TRADE,5805.25,1
2024-10-01 00:17:22.546480,TRADE,5805.25,1
2024-10-01 00:17:22.546575,TRADE,5805.25,3
2024-10-01 00:17:23.754936,TRADE,5805.5,1
2024-10-01 00:17:24.405681,TRADE,5805.5,1
2024-10-01 00:17:24.523495,TRADE,5805.5,1
2024-10-01 00:17:24.810245,TRADE,5805.5,1
2024-10-01 00:17:24.926961,TRADE,5805.5,1
2024-10-01 00:17:25.242659,TRADE,5805.5,1
2024-10-01 00:17:25.380441,TRADE,5805.5,1
2024-10-01 00:17:25.626071,TRADE,5805.5,1
2024-10-01 00:17:25.773723,TRADE,5805.5,1
2024-10-01 00:17:26.039658,TRADE,5805.5,1
2024-10-01 00:17:26.167718,TRADE,5805.5,1
2024-10-01 00:17:29.682747,TRADE,5805.25,1
2024-10-01 00:17:31.415444,TRADE,5805.5,1
2024-10-01 00:17:32.613150,TRADE,5805.5,2
2024-10-01 00:17:32.613188,TRADE,5805.5,1
2024-10-01 00:17:34.499628,TRADE,5805.5,2
2024-10-01 00:17:35.154264,TRADE,5805.5,3
2024-10-01 00:17:36.340192,TRADE,5805.5,1
2024-10-01 00:17:36.340368,TRADE,5805.5,1
2024-10-01 00:17:37.019429,TRADE,5805.5,2
2024-10-01 00:17:37.213706,TRADE,5805.5,1
2024-10-01 00:17:38.416628,TRADE,5805.5,1
2024-10-01 00:17:38.417312,TRADE,5805.5,2
2024-10-01 00:17:39.021279,TRADE,5805.5,1
2024-10-01 00:17:41.576985,TRADE,5805.25,1
2024-10-01 00:17:42.072303,TRADE,5805.25,1
2024-10-01 00:17:43.601632,TRADE,5805.25,6
2024-10-01 00:17:43.601699,TRADE,5805.25,6
2024-10-01 00:17:43.601699,TRADE,5805.25,1
2024-10-01 00:17:43.601759,TRADE,5805.25,1
2024-10-01 00:17:43.602030,TRADE,5805.25,1
2024-10-01 00:17:43.602100,TRADE,5805.25,2
2024-10-01 00:17:43.602178,TRADE,5805.25,1
2024-10-01 00:17:43.602317,TRADE,5805.25,1
2024-10-01 00:17:43.602353,TRADE,5805.25,1
2024-10-01 00:17:43.602398,TRADE,5805.25,1
2024-10-01 00:17:43.605219,TRADE,5805.25,1
2024-10-01 00:17:43.605255,TRADE,5805.25,1
2024-10-01 00:17:45.293145,TRADE,5805.25,1
2024-10-01 00:17:45.594059,TRADE,5805.25,1
2024-10-01 00:17:46.227058,TRADE,5805.25,1
2024-10-01 00:17:49.028767,TRADE,5805.5,1
2024-10-01 00:17:49.028965,TRADE,5805.5,1
2024-10-01 00:17:49.029239,TRADE,5805.5,6
2024-10-01 00:17:49.030824,TRADE,5805.5,1
2024-10-01 00:17:56.933017,TRADE,5805.5,2
2024-10-01 00:18:01.343608,TRADE,5805.5,4
2024-10-01 00:18:01.344049,TRADE,5805.5,1
2024-10-01 00:18:03.239261,TRADE,5805.5,7
2024-10-01 00:18:03.239261,TRADE,5805.75,1
2024-10-01 00:18:05.691869,TRADE,5805.75,5
2024-10-01 00:18:08.159585,TRADE,5805.75,1
2024-10-01 00:18:08.159830,TRADE,5805.75,2
2024-10-01 00:18:08.879056,TRADE,5805.75,1
2024-10-01 00:18:10.083323,TRADE,5805.75,1
2024-10-01 00:18:10.083378,TRADE,5805.75,2
2024-10-01 00:18:10.083451,TRADE,5805.75,1
2024-10-01 00:18:10.083451,TRADE,5805.75,1
2024-10-01 00:18:10.083797,TRADE,5805.75,2
2024-10-01 00:18:10.084774,TRADE,5805.75,3
2024-10-01 00:18:15.688938,TRADE,5805.75,6
2024-10-01 00:18:19.609886,TRADE,5806.0,2
2024-10-01 00:18:19.609898,TRADE,5806.0,1
2024-10-01 00:18:19.610087,TRADE,5806.0,1
2024-10-01 00:18:19.610124,TRADE,5806.0,1
2024-10-01 00:18:19.610180,TRADE,5806.0,1
2024-10-01 00:18:20.255830,TRADE,5806.0,1
2024-10-01 00:18:25.830830,TRADE,5805.75,3
2024-10-01 00:18:25.830904,TRADE,5805.75,1
2024-10-01 00:18:25.830904,TRADE,5805.75,2
2024-10-01 00:18:29.011204,TRADE,5806.0,4
2024-10-01 00:18:29.302634,TRADE,5805.75,1
2024-10-01 00:18:32.797615,TRADE,5806.0,1
2024-10-01 00:18:34.999305,TRADE,5806.0,1
2024-10-01 00:18:36.159513,TRADE,5806.0,1
2024-10-01 00:18:36.159553,TRADE,5806.0,3
2024-10-01 00:18:36.159610,TRADE,5806.0,3
2024-10-01 00:18:36.336849,TRADE,5806.0,2
2024-10-01 00:18:36.758707,TRADE,5806.0,7
2024-10-01 00:18:36.781288,TRADE,5805.75,2
2024-10-01 00:18:36.781471,TRADE,5805.75,6
2024-10-01 00:18:38.681194,TRADE,5805.5,7
2024-10-01 00:18:38.681208,TRADE,5805.5,1
2024-10-01 00:18:38.681324,TRADE,5805.5,1
2024-10-01 00:18:38.681412,TRADE,5805.5,1
2024-10-01 00:18:38.681447,TRADE,5805.5,2
2024-10-01 00:18:38.681499,TRADE,5805.5,2
2024-10-01 00:18:38.684082,TRADE,5805.75,2
2024-10-01 00:18:38.684143,TRADE,5805.75,4
2024-10-01 00:18:38.684878,TRADE,5805.75,3
2024-10-01 00:18:38.771788,TRADE,5805.75,1
2024-10-01 00:18:39.105527,TRADE,5805.5,5
2024-10-01 00:18:41.721337,TRADE,5805.5,2
2024-10-01 00:18:41.723345,TRADE,5805.25,2
2024-10-01 00:18:42.317612,TRADE,5805.0,2
2024-10-01 00:18:42.985296,TRADE,5805.25,1
2024-10-01 00:18:43.491862,TRADE,5805.0,1
2024-10-01 00:18:44.779860,TRADE,5805.0,1
2024-10-01 00:18:45.581167,TRADE,5805.0,2
2024-10-01 00:18:50.194370,TRADE,5805.25,2
2024-10-01 00:18:50.957897,TRADE,5805.25,1
2024-10-01 00:18:50.957925,TRADE,5805.25,1
2024-10-01 00:18:51.668237,TRADE,5805.0,1
2024-10-01 00:18:55.175489,TRADE,5805.25,2
2024-10-01 00:18:55.175533,TRADE,5805.25,2
2024-10-01 00:18:55.175617,TRADE,5805.25,2
2024-10-01 00:18:55.175664,TRADE,5805.25,1
2024-10-01 00:18:55.175932,TRADE,5805.25,2
2024-10-01 00:18:55.176131,TRADE,5805.25,2
2024-10-01 00:18:55.176236,TRADE,5805.25,1
2024-10-01 00:18:55.200635,TRADE,5805.0,3
2024-10-01 00:18:55.511143,TRADE,5805.25,1
2024-10-01 00:18:57.511146,TRADE,5805.25,1
2024-10-01 00:18:57.511183,TRADE,5805.25,2
2024-10-01 00:18:58.045495,TRADE,5805.25,1
2024-10-01 00:19:08.342630,TRADE,5805.5,2
2024-10-01 00:19:08.343204,TRADE,5805.5,1
2024-10-01 00:19:26.415122,TRADE,5805.25,6
2024-10-01 00:19:29.450040,TRADE,5805.25,7
2024-10-01 00:19:31.476246,TRADE,5805.25,2
2024-10-01 00:19:31.476318,TRADE,5805.25,1
2024-10-01 00:19:31.476318,TRADE,5805.25,2
2024-10-01 00:19:31.476803,TRADE,5805.25,1
2024-10-01 00:19:31.488482,TRADE,5805.25,1
2024-10-01 00:19:32.184019,TRADE,5805.25,4
2024-10-01 00:19:44.477694,TRADE,5805.5,7
2024-10-01 00:19:47.886347,TRADE,5805.5,1
2024-10-01 00:19:48.555105,TRADE,5805.5,1
2024-10-01 00:19:48.564414,TRADE,5805.5,1
2024-10-01 00:19:49.149704,TRADE,5805.5,1
2024-10-01 00:19:53.970382,TRADE,5805.75,1
2024-10-01 00:19:59.456710,TRADE,5805.5,2
2024-10-01 00:19:59.456912,TRADE,5805.5,2
2024-10-01 00:19:59.457021,TRADE,5805.5,4
2024-10-01 00:20:00.137857,TRADE,5805.25,1
2024-10-01 00:20:01.117527,TRADE,5805.5,1
2024-10-01 00:20:18.549900,TRADE,5805.75,2
2024-10-01 00:20:18.549974,TRADE,5805.75,2
2024-10-01 00:20:18.549974,TRADE,5805.75,3
2024-10-01 00:20:18.697794,TRADE,5806.0,13
2024-10-01 00:20:18.697863,TRADE,5806.0,1
2024-10-01 00:20:18.697898,TRADE,5806.0,1
2024-10-01 00:20:18.697969,TRADE,5806.0,2
2024-10-01 00:20:20.494473,TRADE,5806.25,2
2024-10-01 00:20:23.043917,TRADE,5806.25,4
2024-10-01 00:20:23.043976,TRADE,5806.25,2
2024-10-01 00:20:23.043976,TRADE,5806.25,1
2024-10-01 00:20:23.767040,TRADE,5806.5,2
2024-10-01 00:20:23.767267,TRADE,5806.5,5
2024-10-01 00:20:23.767303,TRADE,5806.5,1
2024-10-01 00:20:24.998984,TRADE,5806.5,1
2024-10-01 00:20:24.999115,TRADE,5806.5,2
2024-10-01 00:20:24.999188,TRADE,5806.5,4
2024-10-01 00:20:24.999467,TRADE,5806.5,1
2024-10-01 00:20:24.999653,TRADE,5806.5,1
2024-10-01 00:20:28.083798,TRADE,5806.5,2
2024-10-01 00:20:28.378579,TRADE,5806.5,1
2024-10-01 00:20:28.378811,TRADE,5806.5,1
2024-10-01 00:20:28.378990,TRADE,5806.5,1
2024-10-01 00:20:28.379145,TRADE,5806.5,1
2024-10-01 00:20:28.379798,TRADE,5806.5,1
2024-10-01 00:20:28.382889,TRADE,5806.5,1
2024-10-01 00:20:29.820710,TRADE,5806.25,1
2024-10-01 00:20:33.908759,TRADE,5806.25,3
2024-10-01 00:20:35.830167,TRADE,5806.5,1
2024-10-01 00:20:36.354387,TRADE,5806.25,3
2024-10-01 00:20:38.436429,TRADE,5806.25,1
2024-10-01 00:20:43.780430,TRADE,5806.5,1
2024-10-01 00:20:44.111904,TRADE,5806.5,1
2024-10-01 00:20:53.414966,TRADE,5806.25,2
2024-10-01 00:20:56.615534,TRADE,5806.25,12
2024-10-01 00:21:00.332347,TRADE,5806.0,3
2024-10-01 00:21:02.348651,TRADE,5805.75,1
2024-10-01 00:21:16.282471,TRADE,5805.75,1
2024-10-01 00:21:16.282518,TRADE,5805.75,3
2024-10-01 00:21:16.289552,TRADE,5805.75,1
2024-10-01 00:21:16.290340,TRADE,5805.75,2
2024-10-01 00:21:20.637278,TRADE,5805.5,1
2024-10-01 00:21:20.932232,TRADE,5805.75,2
2024-10-01 00:21:20.932630,TRADE,5805.75,1
2024-10-01 00:21:24.508039,TRADE,5805.5,3
2024-10-01 00:21:26.842202,TRADE,5805.25,2
2024-10-01 00:21:28.941645,TRADE,5805.25,1
2024-10-01 00:21:31.150179,TRADE,5805.5,9
2024-10-01 00:21:32.841846,TRADE,5805.5,10
2024-10-01 00:21:32.842407,TRADE,5805.5,1
2024-10-01 00:21:41.129533,TRADE,5805.5,3
2024-10-01 00:21:51.984200,TRADE,5805.5,6
2024-10-01 00:21:53.025652,TRADE,5805.5,2
2024-10-01 00:21:53.025881,TRADE,5805.5,1
2024-10-01 00:21:53.513732,TRADE,5805.75,1
2024-10-01 00:21:54.674594,TRADE,5805.5,1
2024-10-01 00:21:59.284205,TRADE,5805.75,7
2024-10-01 00:22:03.726880,TRADE,5806.0,2
2024-10-01 00:22:06.071712,TRADE,5806.0,7
2024-10-01 00:22:06.072307,TRADE,5806.0,1
2024-10-01 00:22:07.259501,TRADE,5806.0,2
2024-10-01 00:22:08.812912,TRADE,5806.0,2
2024-10-01 00:22:10.428843,TRADE,5806.0,1
2024-10-01 00:22:15.834260,TRADE,5805.75,2
2024-10-01 00:22:18.815100,TRADE,5805.75,1
2024-10-01 00:22:21.988775,TRADE,5805.75,3
2024-10-01 00:22:24.665592,TRADE,5805.75,1
2024-10-01 00:22:29.497596,TRADE,5805.75,1
2024-10-01 00:22:30.462926,TRADE,5805.75,1
2024-10-01 00:22:39.056983,TRADE,5805.75,2
2024-10-01 00:22:45.180532,TRADE,5806.0,1
2024-10-01 00:22:45.180571,TRADE,5806.0,1
2024-10-01 00:22:45.180571,TRADE,5806.0,1
2024-10-01 00:22:59.647792,TRADE,5806.0,1
2024-10-01 00:23:08.038405,TRADE,5806.25,1
2024-10-01 00:23:08.038514,TRADE,5806.25,2
2024-10-01 00:23:08.038578,TRADE,5806.25,1
2024-10-01 00:23:08.038612,TRADE,5806.25,1
2024-10-01 00:23:08.038655,TRADE,5806.25,1
2024-10-01 00:23:08.038723,TRADE,5806.25,1
2024-10-01 00:23:08.038885,TRADE,5806.25,1
2024-10-01 00:23:08.038943,TRADE,5806.25,1
2024-10-01 00:23:08.039219,TRADE,5806.25,1
2024-10-01 00:23:15.957946,TRADE,5806.0,2
2024-10-01 00:23:15.958024,TRADE,5806.0,2
2024-10-01 00:23:15.958024,TRADE,5806.0,3
2024-10-01 00:23:16.132212,TRADE,5806.0,1
2024-10-01 00:23:16.132713,TRADE,5806.0,1
2024-10-01 00:23:16.651014,TRADE,5806.0,1
2024-10-01 00:23:28.859717,TRADE,5806.0,3
2024-10-01 00:23:31.650354,TRADE,5806.25,1
2024-10-01 00:23:41.439752,TRADE,5806.25,1
2024-10-01 00:23:46.852355,TRADE,5806.25,3
2024-10-01 00:23:48.452190,TRADE,5806.25,1
2024-10-01 00:23:48.452404,TRADE,5806.25,1
2024-10-01 00:23:48.452438,TRADE,5806.25,1
2024-10-01 00:23:49.396912,TRADE,5806.0,4
2024-10-01 00:23:50.938390,TRADE,5806.25,2
2024-10-01 00:23:50.938413,TRADE,5806.25,1
2024-10-01 00:23:56.042519,TRADE,5806.5,1
2024-10-01 00:23:56.042531,TRADE,5806.5,1
2024-10-01 00:23:57.200668,TRADE,5806.5,1
2024-10-01 00:23:58.689461,TRADE,5806.5,1
2024-10-01 00:23:59.497400,TRADE,5806.5,1
2024-10-01 00:24:00.003347,TRADE,5806.5,1
2024-10-01 00:24:00.132529,TRADE,5806.5,2
2024-10-01 00:24:00.132737,TRADE,5806.5,1
2024-10-01 00:24:04.292525,TRADE,5806.5,3
2024-10-01 00:24:04.292742,TRADE,5806.5,1
2024-10-01 00:24:04.292886,TRADE,5806.5,1
2024-10-01 00:24:04.293133,TRADE,5806.5,2
2024-10-01 00:24:06.089313,TRADE,5806.75,1
2024-10-01 00:24:10.835866,TRADE,5806.5,6
2024-10-01 00:24:10.836012,TRADE,5806.5,1
2024-10-01 00:24:10.836680,TRADE,5806.5,1
2024-10-01 00:24:10.836791,TRADE,5806.5,1
2024-10-01 00:24:10.836791,TRADE,5806.5,2
2024-10-01 00:24:12.376829,TRADE,5806.5,2
2024-10-01 00:24:12.376829,TRADE,5806.25,6
2024-10-01 00:24:14.189623,TRADE,5806.5,2
2024-10-01 00:24:14.190188,TRADE,5806.5,1
2024-10-01 00:24:14.190368,TRADE,5806.5,1
2024-10-01 00:24:15.042020,TRADE,5806.5,1
2024-10-01 00:24:19.796476,TRADE,5806.75,1
2024-10-01 00:24:19.796504,TRADE,5806.75,1
2024-10-01 00:24:19.796604,TRADE,5806.75,2
2024-10-01 00:24:19.796677,TRADE,5806.75,6
2024-10-01 00:24:19.864684,TRADE,5806.75,1
2024-10-01 00:24:21.404659,TRADE,5806.75,2
2024-10-01 00:24:21.404680,TRADE,5806.75,2
2024-10-01 00:24:22.643271,TRADE,5806.75,2
2024-10-01 00:24:22.806239,TRADE,5806.5,1
2024-10-01 00:24:23.056158,TRADE,5806.75,2
2024-10-01 00:24:36.469125,TRADE,5806.75,1
2024-10-01 00:24:38.884832,TRADE,5807.0,2
2024-10-01 00:24:38.884906,TRADE,5807.0,1
2024-10-01 00:24:38.884989,TRADE,5807.0,2
2024-10-01 00:24:38.884989,TRADE,5807.0,1
2024-10-01 00:24:38.885283,TRADE,5807.0,7
2024-10-01 00:24:38.885393,TRADE,5807.0,2
2024-10-01 00:24:38.885393,TRADE,5807.0,1
2024-10-01 00:24:38.885393,TRADE,5807.0,1
2024-10-01 00:24:38.885809,TRADE,5807.0,1
2024-10-01 00:24:38.910987,TRADE,5807.0,3
2024-10-01 00:24:38.911792,TRADE,5807.0,1
2024-10-01 00:24:41.007993,TRADE,5807.0,1
2024-10-01 00:24:45.078315,TRADE,5807.25,2
2024-10-01 00:24:45.078572,TRADE,5807.25,2
2024-10-01 00:24:45.078846,TRADE,5807.25,5
2024-10-01 00:24:45.079068,TRADE,5807.25,1
2024-10-01 00:24:45.283266,TRADE,5807.25,2
2024-10-01 00:24:49.627236,TRADE,5807.25,7
2024-10-01 00:24:58.097694,TRADE,5807.25,1
2024-10-01 00:24:58.097809,TRADE,5807.25,4
2024-10-01 00:25:00.964881,TRADE,5807.25,1
2024-10-01 00:25:00.965142,TRADE,5807.25,3
2024-10-01 00:25:01.022135,TRADE,5807.25,1
2024-10-01 00:25:09.653250,TRADE,5807.0,2
2024-10-01 00:25:09.653291,TRADE,5807.0,3
2024-10-01 00:25:09.653405,TRADE,5807.0,6
2024-10-01 00:25:09.730285,TRADE,5807.0,1
2024-10-01 00:25:11.048502,TRADE,5807.0,4
2024-10-01 00:25:26.098027,TRADE,5807.0,2
2024-10-01 00:25:26.098662,TRADE,5807.0,6
2024-10-01 00:25:26.519535,TRADE,5807.0,4
2024-10-01 00:25:26.519598,TRADE,5807.0,2
2024-10-01 00:25:26.519598,TRADE,5807.0,1
2024-10-01 00:25:26.519632,TRADE,5807.0,2
2024-10-01 00:25:26.519784,TRADE,5807.0,1
2024-10-01 00:25:26.519827,TRADE,5807.0,1
2024-10-01 00:25:26.519925,TRADE,5807.0,7
2024-10-01 00:25:26.905850,TRADE,5807.0,1
2024-10-01 00:25:26.906027,TRADE,5807.0,2
2024-10-01 00:25:26.906096,TRADE,5807.0,2
2024-10-01 00:25:28.142876,TRADE,5807.25,1
2024-10-01 00:25:29.190632,TRADE,5807.0,1
2024-10-01 00:25:31.652049,TRADE,5806.75,1
2024-10-01 00:25:31.652263,TRADE,5806.75,2
2024-10-01 00:25:31.652308,TRADE,5806.75,1
2024-10-01 00:25:31.652420,TRADE,5806.75,1
2024-10-01 00:25:31.652420,TRADE,5806.75,1
2024-10-01 00:25:32.203753,TRADE,5806.75,1
2024-10-01 00:25:32.203794,TRADE,5806.75,2
2024-10-01 00:25:32.203832,TRADE,5806.75,1
2024-10-01 00:25:32.203902,TRADE,5806.75,1
2024-10-01 00:25:33.998413,TRADE,5807.0,3
2024-10-01 00:25:33.998674,TRADE,5807.0,2
2024-10-01 00:25:36.869366,TRADE,5807.0,1
2024-10-01 00:25:37.655087,TRADE,5807.25,6
2024-10-01 00:25:42.116188,TRADE,5807.25,1
2024-10-01 00:25:44.121301,TRADE,5807.5,1
2024-10-01 00:25:47.471516,TRADE,5807.5,1
2024-10-01 00:25:49.530188,TRADE,5807.5,2
2024-10-01 00:25:49.530254,TRADE,5807.5,1
2024-10-01 00:25:49.530254,TRADE,5807.5,2
2024-10-01 00:25:49.530574,TRADE,5807.5,2
2024-10-01 00:25:49.530636,TRADE,5807.5,1
2024-10-01 00:25:49.530636,TRADE,5807.5,1
2024-10-01 00:25:55.799774,TRADE,5807.5,1
2024-10-01 00:25:56.719110,TRADE,5807.5,2
2024-10-01 00:25:58.778065,TRADE,5807.5,3
2024-10-01 00:26:00.968003,TRADE,5807.5,1
2024-10-01 00:26:05.078740,TRADE,5807.75,1
2024-10-01 00:26:05.078752,TRADE,5807.75,1
2024-10-01 00:26:05.079070,TRADE,5807.75,11
2024-10-01 00:26:06.083511,TRADE,5808.0,1
2024-10-01 00:26:06.083944,TRADE,5808.0,16
2024-10-01 00:26:06.084623,TRADE,5808.0,1
2024-10-01 00:26:12.054545,TRADE,5807.75,1
2024-10-01 00:26:12.054780,TRADE,5807.75,1
2024-10-01 00:26:12.054846,TRADE,5807.75,1
2024-10-01 00:26:12.054974,TRADE,5807.75,2
2024-10-01 00:26:12.054974,TRADE,5807.75,1
2024-10-01 00:26:12.055095,TRADE,5807.75,10
2024-10-01 00:26:12.057608,TRADE,5807.5,1
2024-10-01 00:26:12.986120,TRADE,5807.75,1
2024-10-01 00:26:14.360453,TRADE,5807.75,1
2024-10-01 00:26:18.366477,TRADE,5808.0,6
2024-10-01 00:26:28.251504,TRADE,5808.0,2
2024-10-01 00:26:28.252096,TRADE,5808.0,2
2024-10-01 00:26:28.252096,TRADE,5808.0,1
2024-10-01 00:26:28.252096,TRADE,5808.0,2
2024-10-01 00:26:28.252151,TRADE,5808.0,1
2024-10-01 00:26:28.252444,TRADE,5808.0,2
2024-10-01 00:26:28.252536,TRADE,5808.0,1
2024-10-01 00:26:28.252575,TRADE,5808.0,1
2024-10-01 00:26:28.252659,TRADE,5808.0,1
2024-10-01 00:26:33.319191,TRADE,5808.0,2
2024-10-01 00:26:38.803255,TRADE,5808.0,2
2024-10-01 00:26:40.543425,TRADE,5807.75,1
2024-10-01 00:26:40.543669,TRADE,5807.75,1
2024-10-01 00:26:41.777186,TRADE,5807.75,1
2024-10-01 00:26:55.790379,TRADE,5808.0,2
2024-10-01 00:26:55.790543,TRADE,5808.0,1
2024-10-01 00:26:56.862353,TRADE,5808.25,1
2024-10-01 00:26:58.042111,TRADE,5808.25,1
2024-10-01 00:26:58.700083,TRADE,5808.25,1
2024-10-01 00:27:02.241325,TRADE,5808.25,4
2024-10-01 00:27:02.241355,TRADE,5808.25,2
2024-10-01 00:27:02.241544,TRADE,5808.25,3
2024-10-01 00:27:02.269973,TRADE,5808.25,1
2024-10-01 00:27:02.289821,TRADE,5808.25,2
2024-10-01 00:27:02.318145,TRADE,5808.0,1
2024-10-01 00:27:05.346140,TRADE,5808.25,2
2024-10-01 00:27:08.468984,TRADE,5808.25,1
2024-10-01 00:27:09.251847,TRADE,5808.25,1
2024-10-01 00:27:18.623116,TRADE,5808.25,11
2024-10-01 00:27:18.683316,TRADE,5808.5,2
2024-10-01 00:27:18.728863,TRADE,5808.5,3
2024-10-01 00:27:18.729176,TRADE,5808.5,10
2024-10-01 00:27:19.647604,TRADE,5808.75,1
2024-10-01 00:27:19.647640,TRADE,5808.75,1
2024-10-01 00:27:19.647693,TRADE,5808.75,2
2024-10-01 00:27:20.648773,TRADE,5809.0,25
2024-10-01 00:27:20.649481,TRADE,5809.25,1
2024-10-01 00:27:20.649823,TRADE,5809.25,1
2024-10-01 00:27:20.649907,TRADE,5809.25,1
2024-10-01 00:27:20.649907,TRADE,5809.25,1
2024-10-01 00:27:20.650025,TRADE,5809.25,1
2024-10-01 00:27:20.650025,TRADE,5809.25,1
2024-10-01 00:27:20.650025,TRADE,5809.25,1
2024-10-01 00:27:20.650071,TRADE,5809.25,1
2024-10-01 00:27:20.650359,TRADE,5809.25,10
2024-10-01 00:27:20.658159,TRADE,5809.5,1
2024-10-01 00:27:20.658398,TRADE,5809.5,4
2024-10-01 00:27:20.658771,TRADE,5809.5,2
2024-10-01 00:27:20.658888,TRADE,5809.5,1
2024-10-01 00:27:20.659099,TRADE,5809.5,1
2024-10-01 00:27:20.659137,TRADE,5809.5,1
2024-10-01 00:27:20.659702,TRADE,5809.5,5
2024-10-01 00:27:20.659858,TRADE,5809.5,1
2024-10-01 00:27:21.184969,TRADE,5809.5,1
2024-10-01 00:27:21.670616,TRADE,5809.75,4
2024-10-01 00:27:22.601882,TRADE,5809.5,1
2024-10-01 00:27:22.854403,TRADE,5809.75,2
2024-10-01 00:27:22.854628,TRADE,5809.75,3
2024-10-01 00:27:22.970912,TRADE,5809.75,4
2024-10-01 00:27:22.971089,TRADE,5809.75,1
2024-10-01 00:27:23.312811,TRADE,5809.75,1
2024-10-01 00:27:23.330641,TRADE,5809.75,3
2024-10-01 00:27:23.330703,TRADE,5809.75,2
2024-10-01 00:27:23.330703,TRADE,5809.75,3
2024-10-01 00:27:23.330816,TRADE,5809.75,3
2024-10-01 00:27:23.330846,TRADE,5809.75,1
2024-10-01 00:27:24.170423,TRADE,5809.5,1
2024-10-01 00:27:25.992062,TRADE,5809.75,1
2024-10-01 00:27:26.323391,TRADE,5809.5,1
2024-10-01 00:27:26.487081,TRADE,5809.5,5
2024-10-01 00:27:26.959146,TRADE,5809.5,1
2024-10-01 00:27:27.001025,TRADE,5809.5,9
2024-10-01 00:27:27.001025,TRADE,5809.75,21
2024-10-01 00:27:27.001025,TRADE,5810.0,9
2024-10-01 00:27:27.001774,TRADE,5809.5,1
2024-10-01 00:27:27.002163,TRADE,5809.5,3
2024-10-01 00:27:27.002325,TRADE,5809.5,2
2024-10-01 00:27:27.002325,TRADE,5809.5,1
2024-10-01 00:27:27.002325,TRADE,5809.5,2
2024-10-01 00:27:27.002442,TRADE,5809.5,3
2024-10-01 00:27:27.029349,TRADE,5809.5,1
2024-10-01 00:27:27.072514,TRADE,5809.5,2
2024-10-01 00:27:28.023132,TRADE,5809.5,1
2024-10-01 00:27:28.390851,TRADE,5809.5,5
2024-10-01 00:27:29.051834,TRADE,5809.5,3
2024-10-01 00:27:29.051834,TRADE,5809.75,1
2024-10-01 00:27:29.052266,TRADE,5809.5,1
2024-10-01 00:27:29.052455,TRADE,5809.5,1
2024-10-01 00:27:29.895073,TRADE,5809.5,2
2024-10-01 00:27:29.931211,TRADE,5809.75,1
2024-10-01 00:27:30.023051,TRADE,5809.5,2
2024-10-01 00:27:30.217028,TRADE,5809.25,1
2024-10-01 00:27:30.217039,TRADE,5809.25,1
2024-10-01 00:27:31.217958,TRADE,5809.25,1
2024-10-01 00:27:32.361897,TRADE,5809.25,2
2024-10-01 00:27:32.362090,TRADE,5809.25,2
2024-10-01 00:27:32.362172,TRADE,5809.25,4
2024-10-01 00:27:35.635976,TRADE,5809.25,1
2024-10-01 00:27:36.413847,TRADE,5809.0,1
2024-10-01 00:27:37.528233,TRADE,5809.25,1
2024-10-01 00:27:38.200017,TRADE,5809.25,1
2024-10-01 00:27:39.270754,TRADE,5809.0,3
2024-10-01 00:27:40.075189,TRADE,5809.25,3
2024-10-01 00:27:40.176984,TRADE,5809.25,1
2024-10-01 00:27:40.177197,TRADE,5809.25,1
2024-10-01 00:27:40.181415,TRADE,5809.0,1
2024-10-01 00:27:43.448193,TRADE,5809.0,1
2024-10-01 00:27:44.592733,TRADE,5809.25,1
2024-10-01 00:27:45.831040,TRADE,5809.25,2
2024-10-01 00:27:46.031878,TRADE,5809.25,3
2024-10-01 00:27:47.616009,TRADE,5809.25,1
2024-10-01 00:27:47.616227,TRADE,5809.25,1
2024-10-01 00:27:51.771612,TRADE,5809.5,12
2024-10-01 00:27:51.771631,TRADE,5809.5,1
2024-10-01 00:27:51.771808,TRADE,5809.5,1
2024-10-01 00:27:51.938786,TRADE,5809.5,2
2024-10-01 00:27:52.210076,TRADE,5809.5,3
2024-10-01 00:27:53.799301,TRADE,5809.25,1
2024-10-01 00:27:53.799658,TRADE,5809.25,1
2024-10-01 00:27:55.174871,TRADE,5809.5,4
2024-10-01 00:27:56.635008,TRADE,5809.75,1
2024-10-01 00:27:57.215622,TRADE,5809.5,7
2024-10-01 00:28:00.215092,TRADE,5809.25,1
2024-10-01 00:28:02.829604,TRADE,5809.25,1
2024-10-01 00:28:03.582316,TRADE,5809.5,1
2024-10-01 00:28:05.070278,TRADE,5809.25,1
2024-10-01 00:28:06.191266,TRADE,5809.25,2
2024-10-01 00:28:06.191542,TRADE,5809.25,1
2024-10-01 00:28:06.191707,TRADE,5809.25,2
2024-10-01 00:28:08.384171,TRADE,5809.25,1
2024-10-01 00:28:13.911746,TRADE,5809.25,1
2024-10-01 00:28:16.707732,TRADE,5809.25,1
2024-10-01 00:28:16.897918,TRADE,5809.25,1
2024-10-01 00:28:22.492137,TRADE,5809.0,6
2024-10-01 00:28:22.492150,TRADE,5808.75,2
2024-10-01 00:28:25.747703,TRADE,5808.75,4
2024-10-01 00:28:25.747727,TRADE,5808.75,1
2024-10-01 00:28:25.959026,TRADE,5808.75,2
2024-10-01 00:28:27.027882,TRADE,5809.0,1
2024-10-01 00:28:27.825155,TRADE,5809.0,1
2024-10-01 00:28:27.828395,TRADE,5809.0,1
2024-10-01 00:28:28.077129,TRADE,5809.0,2
2024-10-01 00:28:28.270514,TRADE,5809.0,1
2024-10-01 00:28:29.743436,TRADE,5809.25,1
2024-10-01 00:28:29.764193,TRADE,5809.0,2
2024-10-01 00:28:36.332263,TRADE,5809.0,2
2024-10-01 00:28:41.033718,TRADE,5809.25,5
2024-10-01 00:28:41.309835,TRADE,5809.25,1
2024-10-01 00:28:47.432722,TRADE,5809.0,1
2024-10-01 00:28:47.458031,TRADE,5809.25,5
2024-10-01 00:28:48.559166,TRADE,5809.25,1
2024-10-01 00:28:48.920267,TRADE,5809.0,4
2024-10-01 00:28:51.782330,TRADE,5809.25,1
2024-10-01 00:28:56.122026,TRADE,5809.0,1
2024-10-01 00:28:56.122429,TRADE,5809.0,8
2024-10-01 00:28:56.142983,TRADE,5809.0,1
2024-10-01 00:28:57.361155,TRADE,5809.0,2
2024-10-01 00:28:57.361244,TRADE,5809.0,2
2024-10-01 00:28:57.361244,TRADE,5809.0,2
2024-10-01 00:28:59.028820,TRADE,5809.25,2
2024-10-01 00:29:00.039581,TRADE,5809.25,1
2024-10-01 00:29:00.173551,TRADE,5809.0,1
2024-10-01 00:29:01.939615,TRADE,5809.25,3
2024-10-01 00:29:06.240958,TRADE,5809.25,4
2024-10-01 00:29:06.421851,TRADE,5809.0,1
2024-10-01 00:29:09.374358,TRADE,5809.0,1
2024-10-01 00:29:09.847485,TRADE,5809.25,1
2024-10-01 00:29:15.237089,TRADE,5809.25,2
2024-10-01 00:29:22.360344,TRADE,5809.25,3
2024-10-01 00:29:23.023146,TRADE,5809.25,1
2024-10-01 00:29:24.463303,TRADE,5809.25,4
2024-10-01 00:29:25.231665,TRADE,5809.0,1
2024-10-01 00:29:28.394256,TRADE,5809.25,2
2024-10-01 00:29:34.912895,TRADE,5809.25,1
2024-10-01 00:29:36.221059,TRADE,5809.25,1
2024-10-01 00:29:44.746786,TRADE,5809.25,1
2024-10-01 00:29:50.963951,TRADE,5809.25,1
2024-10-01 00:30:00.018316,TRADE,5809.25,9
2024-10-01 00:30:00.018316,TRADE,5809.0,11
2024-10-01 00:30:00.018316,TRADE,5808.75,6
2024-10-01 00:30:00.019081,TRADE,5809.0,1
2024-10-01 00:30:00.059508,TRADE,5809.0,7
2024-10-01 00:30:00.085738,TRADE,5809.0,1
2024-10-01 00:30:00.085768,TRADE,5809.0,1
2024-10-01 00:30:00.098635,TRADE,5809.25,2
2024-10-01 00:30:07.779621,TRADE,5809.25,1
2024-10-01 00:30:13.477860,TRADE,5809.25,1
2024-10-01 00:30:22.697659,TRADE,5809.25,11
2024-10-01 00:30:22.702426,TRADE,5809.5,4
2024-10-01 00:30:22.867479,TRADE,5809.5,5
2024-10-01 00:30:22.867771,TRADE,5809.5,2
2024-10-01 00:30:22.867881,TRADE,5809.5,3
2024-10-01 00:30:22.867906,TRADE,5809.5,1
2024-10-01 00:30:22.868164,TRADE,5809.5,2
2024-10-01 00:30:22.875456,TRADE,5809.25,8
2024-10-01 00:30:24.111118,TRADE,5809.25,2
2024-10-01 00:30:24.111367,TRADE,5809.25,1
2024-10-01 00:30:24.111637,TRADE,5809.25,4
2024-10-01 00:30:35.069210,TRADE,5809.25,1
2024-10-01 00:30:37.737109,TRADE,5809.5,3
2024-10-01 00:30:40.003155,TRADE,5809.5,3
2024-10-01 00:30:40.003416,TRADE,5809.5,2
2024-10-01 00:30:40.003658,TRADE,5809.5,4
2024-10-01 00:30:40.968725,TRADE,5809.5,3
2024-10-01 00:30:40.968725,TRADE,5809.75,7
2024-10-01 00:30:40.968738,TRADE,5809.75,1
2024-10-01 00:30:48.772405,TRADE,5809.75,1
2024-10-01 00:30:49.320405,TRADE,5809.5,6
2024-10-01 00:30:49.320568,TRADE,5809.5,1
2024-10-01 00:30:54.075062,TRADE,5809.5,1
2024-10-01 00:30:54.149698,TRADE,5809.25,1
2024-10-01 00:30:54.149710,TRADE,5809.25,1
2024-10-01 00:30:55.018157,TRADE,5809.5,6
2024-10-01 00:30:55.018367,TRADE,5809.5,1
2024-10-01 00:30:55.133333,TRADE,5809.5,2
2024-10-01 00:30:59.575255,TRADE,5809.5,6
2024-10-01 00:30:59.575255,TRADE,5809.25,2
2024-10-01 00:30:59.575871,TRADE,5809.5,1
2024-10-01 00:31:05.901469,TRADE,5809.75,1
2024-10-01 00:31:12.115409,TRADE,5809.75,1
2024-10-01 00:31:16.094675,TRADE,5809.75,1
2024-10-01 00:31:16.833283,TRADE,5809.75,1
2024-10-01 00:31:18.051115,TRADE,5809.75,8
2024-10-01 00:31:21.113319,TRADE,5809.75,3
2024-10-01 00:31:21.125534,TRADE,5809.75,3
2024-10-01 00:31:23.252933,TRADE,5809.5,1
2024-10-01 00:31:23.253157,TRADE,5809.5,1
2024-10-01 00:31:28.637101,TRADE,5809.5,1
2024-10-01 00:31:29.653138,TRADE,5809.75,2
2024-10-01 00:31:29.653218,TRADE,5809.75,3
2024-10-01 00:31:29.653218,TRADE,5809.75,1
2024-10-01 00:31:42.303215,TRADE,5809.75,1
2024-10-01 00:31:42.303251,TRADE,5809.75,2
2024-10-01 00:31:42.303292,TRADE,5809.75,1
2024-10-01 00:31:42.303410,TRADE,5809.75,1
2024-10-01 00:31:42.303454,TRADE,5809.75,1
2024-10-01 00:31:42.316062,TRADE,5809.75,2
2024-10-01 00:31:42.668002,TRADE,5810.0,1
2024-10-01 00:31:45.820068,TRADE,5809.75,2
2024-10-01 00:31:45.820413,TRADE,5809.75,1
2024-10-01 00:31:45.880088,TRADE,5810.0,1
2024-10-01 00:31:47.992180,TRADE,5809.75,1
2024-10-01 00:31:49.139567,TRADE,5809.75,1
2024-10-01 00:31:57.866910,TRADE,5809.75,2
2024-10-01 00:31:59.008261,TRADE,5809.75,1
2024-10-01 00:32:02.034325,TRADE,5809.75,3
2024-10-01 00:32:14.678194,TRADE,5809.75,2
2024-10-01 00:32:14.700316,TRADE,5810.0,2
2024-10-01 00:32:16.126204,TRADE,5809.75,1
2024-10-01 00:32:20.761842,TRADE,5809.75,3
2024-10-01 00:32:20.762073,TRADE,5809.75,3
2024-10-01 00:32:20.789404,TRADE,5810.0,2
2024-10-01 00:32:22.226582,TRADE,5810.0,2
2024-10-01 00:32:22.227262,TRADE,5810.0,2
2024-10-01 00:32:22.227262,TRADE,5810.0,1
2024-10-01 00:32:22.227262,TRADE,5810.0,1
2024-10-01 00:32:22.227262,TRADE,5810.0,1
2024-10-01 00:32:22.227276,TRADE,5810.0,7
2024-10-01 00:32:22.260305,TRADE,5810.0,2
2024-10-01 00:32:23.731833,TRADE,5810.25,16
2024-10-01 00:32:23.732318,TRADE,5810.25,1
2024-10-01 00:32:23.732364,TRADE,5810.25,1
2024-10-01 00:32:23.732943,TRADE,5810.25,17
2024-10-01 00:32:23.737052,TRADE,5810.25,4
2024-10-01 00:32:23.836244,TRADE,5810.0,1
2024-10-01 00:32:26.577816,TRADE,5810.25,2
2024-10-01 00:32:26.578162,TRADE,5810.25,1
2024-10-01 00:32:31.656139,TRADE,5810.0,6
2024-10-01 00:32:31.656358,TRADE,5810.0,4
2024-10-01 00:32:33.114489,TRADE,5809.75,2
2024-10-01 00:32:33.114553,TRADE,5809.75,2
2024-10-01 00:32:39.736757,TRADE,5809.75,3
2024-10-01 00:32:39.736834,TRADE,5809.75,2
2024-10-01 00:32:39.736834,TRADE,5809.75,1
2024-10-01 00:32:39.912296,TRADE,5809.75,1
2024-10-01 00:32:50.106979,TRADE,5809.75,1
2024-10-01 00:32:54.297234,TRADE,5809.75,2
2024-10-01 00:32:54.297391,TRADE,5809.75,1
2024-10-01 00:32:54.297432,TRADE,5809.75,1
2024-10-01 00:32:54.297497,TRADE,5809.75,2
2024-10-01 00:32:54.297884,TRADE,5809.75,1
2024-10-01 00:32:56.178121,TRADE,5810.0,1
2024-10-01 00:33:03.966014,TRADE,5810.0,1
2024-10-01 00:33:09.076062,TRADE,5809.75,1
2024-10-01 00:33:12.818645,TRADE,5809.75,7
2024-10-01 00:33:13.412911,TRADE,5809.75,1
2024-10-01 00:33:14.703739,TRADE,5809.75,1
2024-10-01 00:33:17.317139,TRADE,5809.75,7
2024-10-01 00:33:17.318425,TRADE,5809.75,2
2024-10-01 00:33:17.318556,TRADE,5809.75,1
2024-10-01 00:33:21.206203,TRADE,5809.75,1
2024-10-01 00:33:25.512206,TRADE,5810.0,1
2024-10-01 00:33:37.223126,TRADE,5809.75,2
2024-10-01 00:33:38.486392,TRADE,5809.75,1
2024-10-01 00:33:43.491240,TRADE,5809.75,4
2024-10-01 00:34:00.454005,TRADE,5809.75,1
2024-10-01 00:34:06.991445,TRADE,5809.75,1
2024-10-01 00:34:06.991684,TRADE,5809.75,2
2024-10-01 00:34:06.991754,TRADE,5809.75,1
2024-10-01 00:34:06.991754,TRADE,5809.75,1
2024-10-01 00:34:06.991848,TRADE,5809.75,1
2024-10-01 00:34:06.991881,TRADE,5809.75,1
2024-10-01 00:34:09.579059,TRADE,5809.75,1
2024-10-01 00:34:16.053428,TRADE,5809.75,1
2024-10-01 00:34:16.898636,TRADE,5809.75,1
2024-10-01 00:34:46.346452,TRADE,5810.0,11
2024-10-01 00:34:46.346814,TRADE,5810.0,1
2024-10-01 00:34:46.768816,TRADE,5810.0,1
2024-10-01 00:34:49.617943,TRADE,5810.0,1
2024-10-01 00:34:51.365782,TRADE,5810.0,1
2024-10-01 00:34:57.407365,TRADE,5810.0,3
2024-10-01 00:34:57.407395,TRADE,5810.0,2
2024-10-01 00:34:58.748483,TRADE,5810.0,2
2024-10-01 00:34:58.748483,TRADE,5810.25,23
2024-10-01 00:34:59.093709,TRADE,5810.25,2
2024-10-01 00:34:59.909681,TRADE,5810.25,5
2024-10-01 00:34:59.909681,TRADE,5810.0,5
2024-10-01 00:35:00.143367,TRADE,5810.0,1
2024-10-01 00:35:07.939671,TRADE,5810.25,1
2024-10-01 00:35:09.155049,TRADE,5810.25,2
2024-10-01 00:35:09.155442,TRADE,5810.25,1
2024-10-01 00:35:10.135628,TRADE,5810.25,2
2024-10-01 00:35:12.818120,TRADE,5810.25,1
2024-10-01 00:35:13.154816,TRADE,5810.25,1
2024-10-01 00:35:16.160005,TRADE,5810.25,1
2024-10-01 00:35:16.220575,TRADE,5810.25,1
2024-10-01 00:35:29.713504,TRADE,5810.25,1
2024-10-01 00:35:31.386334,TRADE,5810.5,1
2024-10-01 00:35:31.386353,TRADE,5810.5,1
2024-10-01 00:35:36.308669,TRADE,5810.5,7
2024-10-01 00:35:38.816874,TRADE,5810.5,1
2024-10-01 00:35:38.816892,TRADE,5810.5,1
2024-10-01 00:35:38.825830,TRADE,5810.5,3
2024-10-01 00:35:38.826123,TRADE,5810.5,5
2024-10-01 00:35:38.851273,TRADE,5810.5,4
2024-10-01 00:35:38.851700,TRADE,5810.5,2
2024-10-01 00:35:38.851944,TRADE,5810.5,3
2024-10-01 00:35:38.852034,TRADE,5810.5,4
2024-10-01 00:35:38.858008,TRADE,5810.25,1
2024-10-01 00:35:39.542368,TRADE,5810.5,3
2024-10-01 00:35:40.190533,TRADE,5810.5,2
2024-10-01 00:35:50.926287,TRADE,5810.5,12
2024-10-01 00:35:51.027880,TRADE,5810.5,3
2024-10-01 00:35:55.131039,TRADE,5810.5,1
2024-10-01 00:35:59.497741,TRADE,5810.5,1
2024-10-01 00:35:59.679474,TRADE,5810.5,8
2024-10-01 00:35:59.832799,TRADE,5810.5,6
2024-10-01 00:35:59.832799,TRADE,5810.25,4
2024-10-01 00:36:03.157352,TRADE,5810.25,2
2024-10-01 00:36:03.157395,TRADE,5810.25,1
2024-10-01 00:36:03.157958,TRADE,5810.25,2
2024-10-01 00:36:11.623786,TRADE,5810.5,4
2024-10-01 00:36:11.624613,TRADE,5810.5,1
2024-10-01 00:36:11.626734,TRADE,5810.5,1
2024-10-01 00:36:12.835702,TRADE,5810.5,1
2024-10-01 00:36:19.769750,TRADE,5810.75,5
2024-10-01 00:36:19.785485,TRADE,5810.75,1
2024-10-01 00:36:20.439405,TRADE,5810.75,1
2024-10-01 00:36:20.439708,TRADE,5810.5,1
2024-10-01 00:36:24.362686,TRADE,5810.5,1
2024-10-01 00:36:28.178323,TRADE,5810.5,6
2024-10-01 00:36:28.179303,TRADE,5810.5,6
2024-10-01 00:36:40.340318,TRADE,5810.5,1
2024-10-01 00:36:45.000724,TRADE,5810.75,2
2024-10-01 00:36:50.308313,TRADE,5810.75,1
2024-10-01 00:36:56.193073,TRADE,5810.5,1
2024-10-01 00:36:56.193177,TRADE,5810.5,2
2024-10-01 00:36:56.193177,TRADE,5810.5,2
2024-10-01 00:36:56.193212,TRADE,5810.5,1
2024-10-01 00:36:56.193420,TRADE,5810.5,1
2024-10-01 00:37:06.247009,TRADE,5810.25,1
2024-10-01 00:37:06.247178,TRADE,5810.25,1
2024-10-01 00:37:06.247212,TRADE,5810.25,1
2024-10-01 00:37:06.250898,TRADE,5810.25,3
2024-10-01 00:37:06.259425,TRADE,5810.5,1
2024-10-01 00:37:06.261280,TRADE,5810.25,1
2024-10-01 00:37:06.310463,TRADE,5810.25,2
2024-10-01 00:37:21.345274,TRADE,5810.25,7
2024-10-01 00:37:22.031135,TRADE,5810.5,1
2024-10-01 00:37:28.456872,TRADE,5810.5,1
2024-10-01 00:37:28.456948,TRADE,5810.5,5
2024-10-01 00:37:30.947639,TRADE,5810.5,4
2024-10-01 00:37:30.947791,TRADE,5810.5,2
2024-10-01 00:37:31.036617,TRADE,5810.5,1
2024-10-01 00:37:31.520877,TRADE,5810.5,1
2024-10-01 00:37:37.320403,TRADE,5810.25,2
2024-10-01 00:37:42.073320,TRADE,5810.25,1
2024-10-01 00:37:43.728539,TRADE,5810.25,10
2024-10-01 00:37:44.609197,TRADE,5810.25,2
2024-10-01 00:37:47.032342,TRADE,5810.25,1
2024-10-01 00:37:49.182030,TRADE,5810.25,1
2024-10-01 00:37:50.206956,TRADE,5810.25,1
2024-10-01 00:37:51.047761,TRADE,5810.25,1
2024-10-01 00:37:51.497516,TRADE,5810.25,1
2024-10-01 00:37:51.497754,TRADE,5810.25,1
2024-10-01 00:37:51.497822,TRADE,5810.25,1
2024-10-01 00:38:12.456436,TRADE,5810.25,1
2024-10-01 00:38:14.677936,TRADE,5810.5,10
2024-10-01 00:38:14.704977,TRADE,5810.5,1
2024-10-01 00:38:17.762235,TRADE,5810.5,1
2024-10-01 00:38:26.003040,TRADE,5810.5,2
2024-10-01 00:38:26.023642,TRADE,5810.5,1
2024-10-01 00:38:30.232447,TRADE,5810.5,1
2024-10-01 00:38:30.232845,TRADE,5810.5,4
2024-10-01 00:38:30.233206,TRADE,5810.5,2
2024-10-01 00:38:30.233423,TRADE,5810.5,1
2024-10-01 00:38:46.597202,TRADE,5810.75,2
2024-10-01 00:38:48.408048,TRADE,5810.75,2
2024-10-01 00:38:48.408303,TRADE,5810.75,3
2024-10-01 00:38:48.408361,TRADE,5810.75,4
2024-10-01 00:38:48.408438,TRADE,5810.75,2
2024-10-01 00:38:49.120003,TRADE,5811.0,1
2024-10-01 00:38:49.120015,TRADE,5811.0,3
2024-10-01 00:38:49.120015,TRADE,5811.0,1
2024-10-01 00:38:49.120015,TRADE,5811.0,1
2024-10-01 00:38:49.120446,TRADE,5811.0,22
2024-10-01 00:38:49.133486,TRADE,5811.25,1
2024-10-01 00:38:49.133498,TRADE,5811.25,2
2024-10-01 00:38:49.535754,TRADE,5811.0,1
2024-10-01 00:38:51.506774,TRADE,5811.25,16
2024-10-01 00:38:51.707533,TRADE,5811.5,1
2024-10-01 00:38:51.707545,TRADE,5811.5,1
2024-10-01 00:38:53.163324,TRADE,5811.5,1
2024-10-01 00:38:53.164075,TRADE,5811.5,1
2024-10-01 00:38:53.164180,TRADE,5811.5,6
2024-10-01 00:38:54.128265,TRADE,5811.5,10
2024-10-01 00:38:54.128805,TRADE,5811.5,1
2024-10-01 00:38:54.128892,TRADE,5811.25,2
2024-10-01 00:38:58.117405,TRADE,5811.25,9
2024-10-01 00:38:58.118640,TRADE,5811.25,2
2024-10-01 00:38:58.118763,TRADE,5811.25,8
2024-10-01 00:38:58.119352,TRADE,5811.25,1
2024-10-01 00:38:58.119413,TRADE,5811.25,2
2024-10-01 00:38:58.119590,TRADE,5811.25,2
2024-10-01 00:38:58.119717,TRADE,5811.25,1
2024-10-01 00:39:00.319604,TRADE,5811.25,1
2024-10-01 00:39:02.573561,TRADE,5811.25,1
2024-10-01 00:39:09.328010,TRADE,5811.25,10
2024-10-01 00:39:19.465192,TRADE,5811.25,1
2024-10-01 00:39:21.258839,TRADE,5811.25,1
2024-10-01 00:39:22.915644,TRADE,5811.0,8
2024-10-01 00:39:38.427203,TRADE,5810.75,1
2024-10-01 00:39:38.427214,TRADE,5810.75,1
2024-10-01 00:39:38.746123,TRADE,5811.0,1
2024-10-01 00:39:55.248085,TRADE,5810.75,7
2024-10-01 00:39:55.248255,TRADE,5810.75,3
2024-10-01 00:39:55.248375,TRADE,5810.75,7
2024-10-01 00:39:59.330264,TRADE,5810.5,1
2024-10-01 00:39:59.330277,TRADE,5810.5,1
2024-10-01 00:39:59.330387,TRADE,5810.5,6
2024-10-01 00:39:59.979583,TRADE,5810.5,6
2024-10-01 00:40:00.119629,TRADE,5810.5,1
2024-10-01 00:40:00.119894,TRADE,5810.5,1
2024-10-01 00:40:02.102467,TRADE,5810.75,7
2024-10-01 00:40:03.243030,TRADE,5810.75,1
2024-10-01 00:40:04.727420,TRADE,5810.75,5
2024-10-01 00:40:04.728756,TRADE,5810.5,6
2024-10-01 00:40:04.747331,TRADE,5810.5,3
2024-10-01 00:40:06.665919,TRADE,5810.5,1
2024-10-01 00:40:07.405097,TRADE,5810.75,1
2024-10-01 00:40:08.728259,TRADE,5810.75,10
2024-10-01 00:40:08.728395,TRADE,5810.75,1
2024-10-01 00:40:10.116649,TRADE,5810.75,1
2024-10-01 00:40:12.219969,TRADE,5811.0,2
2024-10-01 00:40:13.992341,TRADE,5810.75,1
2024-10-01 00:40:13.992599,TRADE,5810.75,3
2024-10-01 00:40:21.914342,TRADE,5810.5,1
2024-10-01 00:40:21.914589,TRADE,5810.5,1
2024-10-01 00:40:26.939652,TRADE,5810.5,3
2024-10-01 00:40:33.427925,TRADE,5810.75,6
2024-10-01 00:40:33.431230,TRADE,5810.75,1
2024-10-01 00:40:34.485320,TRADE,5810.5,1
2024-10-01 00:40:40.404862,TRADE,5810.75,1
2024-10-01 00:40:40.405073,TRADE,5810.75,1
2024-10-01 00:40:40.744019,TRADE,5810.75,1
2024-10-01 00:40:48.169155,TRADE,5810.75,2
2024-10-01 00:40:48.169715,TRADE,5810.75,4
2024-10-01 00:40:48.170987,TRADE,5810.75,7
2024-10-01 00:40:48.171262,TRADE,5810.75,1
2024-10-01 00:40:49.620434,TRADE,5811.0,2
2024-10-01 00:40:49.620506,TRADE,5811.0,1
2024-10-01 00:40:49.620506,TRADE,5811.0,2
2024-10-01 00:40:49.620573,TRADE,5811.0,1
2024-10-01 00:40:49.620573,TRADE,5811.0,1
2024-10-01 00:40:50.441043,TRADE,5811.0,1
2024-10-01 00:41:00.776398,TRADE,5810.75,1
2024-10-01 00:41:00.776617,TRADE,5810.75,1
2024-10-01 00:41:07.374090,TRADE,5810.75,1
2024-10-01 00:41:07.374549,TRADE,5810.75,1
2024-10-01 00:41:07.374863,TRADE,5810.75,1
2024-10-01 00:41:07.375095,TRADE,5810.75,1
2024-10-01 00:41:07.375132,TRADE,5810.75,1
2024-10-01 00:41:07.375254,TRADE,5810.75,1
2024-10-01 00:41:07.406247,TRADE,5810.5,1
2024-10-01 00:41:10.651288,TRADE,5810.5,1
2024-10-01 00:41:20.163895,TRADE,5810.5,1
2024-10-01 00:41:24.275691,TRADE,5810.75,6
2024-10-01 00:41:24.276102,TRADE,5810.75,1
2024-10-01 00:41:24.278590,TRADE,5810.75,1
2024-10-01 00:41:24.301300,TRADE,5810.5,1
2024-10-01 00:41:25.412377,TRADE,5810.5,1
2024-10-01 00:41:28.952205,TRADE,5810.75,1
2024-10-01 00:41:32.805410,TRADE,5810.5,12
2024-10-01 00:41:32.806142,TRADE,5810.5,3
2024-10-01 00:41:32.810093,TRADE,5810.5,5
2024-10-01 00:41:34.662542,TRADE,5810.5,1
2024-10-01 00:41:36.353429,TRADE,5810.5,2
2024-10-01 00:41:41.655401,TRADE,5810.5,2
2024-10-01 00:41:41.656041,TRADE,5810.5,1
2024-10-01 00:41:41.656097,TRADE,5810.5,2
2024-10-01 00:41:50.571390,TRADE,5810.5,4
2024-10-01 00:42:00.145945,TRADE,5810.5,14
2024-10-01 00:42:00.879140,TRADE,5810.25,2
2024-10-01 00:42:00.879152,TRADE,5810.25,1
2024-10-01 00:42:00.879317,TRADE,5810.25,1
2024-10-01 00:42:00.879391,TRADE,5810.25,1
2024-10-01 00:42:03.266975,TRADE,5810.0,1
2024-10-01 00:42:03.266986,TRADE,5810.0,1
2024-10-01 00:42:03.266986,TRADE,5810.0,10
2024-10-01 00:42:03.267722,TRADE,5810.0,6
2024-10-01 00:42:03.267986,TRADE,5810.0,1
2024-10-01 00:42:04.051650,TRADE,5810.25,12
2024-10-01 00:42:04.052466,TRADE,5810.25,3
2024-10-01 00:42:04.199887,TRADE,5810.25,1
2024-10-01 00:42:05.199521,TRADE,5810.0,1
2024-10-01 00:42:06.207089,TRADE,5810.0,1
2024-10-01 00:42:07.723466,TRADE,5810.0,1
2024-10-01 00:42:12.333113,TRADE,5810.0,2
2024-10-01 00:42:12.333174,TRADE,5810.0,1
2024-10-01 00:42:12.333174,TRADE,5810.0,1
2024-10-01 00:42:12.333298,TRADE,5810.0,2
2024-10-01 00:42:12.333333,TRADE,5810.0,1
2024-10-01 00:42:12.333769,TRADE,5810.0,1
2024-10-01 00:42:12.334072,TRADE,5810.0,1
2024-10-01 00:42:14.140596,TRADE,5809.75,1
2024-10-01 00:42:14.166191,TRADE,5809.75,1
2024-10-01 00:42:14.355199,TRADE,5809.75,1
2024-10-01 00:42:16.448973,TRADE,5809.75,2
2024-10-01 00:42:22.357412,TRADE,5809.75,1
2024-10-01 00:42:23.655693,TRADE,5809.75,1
2024-10-01 00:42:28.234069,TRADE,5810.0,3
2024-10-01 00:42:28.234277,TRADE,5810.0,1
2024-10-01 00:42:28.234311,TRADE,5810.0,1
2024-10-01 00:42:28.234600,TRADE,5810.0,4
2024-10-01 00:42:28.234872,TRADE,5810.0,1
2024-10-01 00:42:28.234953,TRADE,5810.0,1
2024-10-01 00:42:28.235659,TRADE,5810.0,3
2024-10-01 00:42:29.081685,TRADE,5810.0,1
2024-10-01 00:42:34.635706,TRADE,5810.0,4
2024-10-01 00:42:41.186772,TRADE,5809.75,6
2024-10-01 00:42:46.309728,TRADE,5809.5,1
2024-10-01 00:42:46.479885,TRADE,5809.5,12
2024-10-01 00:42:46.480226,TRADE,5809.5,7
2024-10-01 00:42:46.480325,TRADE,5809.5,1
2024-10-01 00:42:46.480461,TRADE,5809.5,1
2024-10-01 00:42:46.484508,TRADE,5809.75,7
2024-10-01 00:42:48.288689,TRADE,5809.75,2
2024-10-01 00:42:48.288944,TRADE,5809.75,1
2024-10-01 00:42:48.289184,TRADE,5809.75,2
2024-10-01 00:42:51.932392,TRADE,5809.75,1
2024-10-01 00:42:54.994468,TRADE,5809.75,1
2024-10-01 00:42:58.458314,TRADE,5810.0,1
2024-10-01 00:42:58.458576,TRADE,5810.0,5
2024-10-01 00:43:05.199191,TRADE,5809.75,8
2024-10-01 00:43:07.451259,TRADE,5809.75,6
2024-10-01 00:43:11.172766,TRADE,5810.0,2
2024-10-01 00:43:15.921425,TRADE,5810.0,1
2024-10-01 00:43:15.921448,TRADE,5810.0,2
2024-10-01 00:43:15.921612,TRADE,5810.0,1
2024-10-01 00:43:16.507440,TRADE,5810.0,1
2024-10-01 00:43:31.234273,TRADE,5810.0,4
2024-10-01 00:43:31.234540,TRADE,5810.0,1
2024-10-01 00:43:37.639230,TRADE,5809.75,1
2024-10-01 00:43:42.690962,TRADE,5809.75,1
2024-10-01 00:43:42.691141,TRADE,5809.75,3
2024-10-01 00:43:43.597384,TRADE,5809.75,7
2024-10-01 00:43:47.664510,TRADE,5809.5,4
2024-10-01 00:43:47.664678,TRADE,5809.5,2
2024-10-01 00:43:47.664731,TRADE,5809.5,3
2024-10-01 00:43:47.667133,TRADE,5809.5,2
2024-10-01 00:43:47.667338,TRADE,5809.5,1
2024-10-01 00:43:47.667502,TRADE,5809.5,1
2024-10-01 00:43:47.667544,TRADE,5809.5,1
2024-10-01 00:43:49.419260,TRADE,5809.5,2
2024-10-01 00:43:51.392679,TRADE,5809.5,1
2024-10-01 00:43:52.367643,TRADE,5809.5,1
2024-10-01 00:43:52.958385,TRADE,5809.5,1
2024-10-01 00:43:53.086562,TRADE,5809.5,1
2024-10-01 00:43:56.090398,TRADE,5809.5,5
2024-10-01 00:43:59.593332,TRADE,5809.5,2
2024-10-01 00:44:08.556669,TRADE,5809.5,1
2024-10-01 00:44:08.556909,TRADE,5809.5,2
2024-10-01 00:44:08.556991,TRADE,5809.5,1
2024-10-01 00:44:08.556991,TRADE,5809.5,2
2024-10-01 00:44:08.557010,TRADE,5809.5,1
2024-10-01 00:44:08.586920,TRADE,5809.5,1
2024-10-01 00:44:12.637648,TRADE,5809.75,4
2024-10-01 00:44:12.637715,TRADE,5809.75,4
2024-10-01 00:44:12.659319,TRADE,5809.75,1
2024-10-01 00:44:14.741344,TRADE,5809.75,1
2024-10-01 00:44:15.754947,TRADE,5809.75,1
2024-10-01 00:44:18.647325,TRADE,5809.75,1
2024-10-01 00:44:35.639966,TRADE,5810.0,1
2024-10-01 00:44:40.758517,TRADE,5810.0,2
2024-10-01 00:44:46.193053,TRADE,5810.25,1
2024-10-01 00:44:46.198576,TRADE,5810.0,1
2024-10-01 00:44:46.198902,TRADE,5810.0,7
2024-10-01 00:44:46.198944,TRADE,5810.0,1
2024-10-01 00:44:49.427102,TRADE,5809.75,2
2024-10-01 00:44:52.749055,TRADE,5809.75,1
2024-10-01 00:44:58.536069,TRADE,5810.0,1
2024-10-01 00:45:00.487944,TRADE,5810.0,3
2024-10-01 00:45:00.511427,TRADE,5810.0,1
2024-10-01 00:45:00.515715,TRADE,5810.0,1
2024-10-01 00:45:05.071244,TRADE,5810.0,1
2024-10-01 00:45:08.294793,TRADE,5810.0,1
2024-10-01 00:45:08.295013,TRADE,5810.0,2
2024-10-01 00:45:09.809782,TRADE,5809.75,1
2024-10-01 00:45:10.754244,TRADE,5810.0,1
2024-10-01 00:45:13.575309,TRADE,5810.0,1
2024-10-01 00:45:13.598298,TRADE,5810.0,1
2024-10-01 00:45:17.894148,TRADE,5810.25,1
2024-10-01 00:45:17.894340,TRADE,5810.25,1
2024-10-01 00:45:17.894413,TRADE,5810.25,4
2024-10-01 00:45:20.978136,TRADE,5810.5,1
2024-10-01 00:45:20.978468,TRADE,5810.5,1
2024-10-01 00:45:21.825108,TRADE,5810.5,5
2024-10-01 00:45:21.825617,TRADE,5810.5,11
2024-10-01 00:45:21.825853,TRADE,5810.5,2
2024-10-01 00:45:22.083085,TRADE,5810.75,3
2024-10-01 00:45:25.549152,TRADE,5810.75,2
2024-10-01 00:45:25.549397,TRADE,5810.75,1
2024-10-01 00:45:25.549462,TRADE,5810.75,2
2024-10-01 00:45:25.549620,TRADE,5810.75,1
2024-10-01 00:45:27.791399,TRADE,5810.75,2
2024-10-01 00:45:30.098037,TRADE,5811.0,1
2024-10-01 00:45:54.663214,TRADE,5811.0,9
2024-10-01 00:45:57.655382,TRADE,5811.0,1
2024-10-01 00:45:59.223728,TRADE,5811.0,1
2024-10-01 00:45:59.248787,TRADE,5811.25,2
2024-10-01 00:45:59.248878,TRADE,5811.25,2
2024-10-01 00:45:59.248878,TRADE,5811.25,1
2024-10-01 00:45:59.275694,TRADE,5811.25,1
2024-10-01 00:46:02.326398,TRADE,5811.5,16
2024-10-01 00:46:02.637832,TRADE,5811.5,4
2024-10-01 00:46:02.637922,TRADE,5811.5,2
2024-10-01 00:46:02.637922,TRADE,5811.5,2
2024-10-01 00:46:02.638007,TRADE,5811.5,7
2024-10-01 00:46:02.638380,TRADE,5811.5,1
2024-10-01 00:46:02.686083,TRADE,5811.5,1
2024-10-01 00:46:04.291445,TRADE,5811.25,2
2024-10-01 00:46:04.291581,TRADE,5811.25,7
2024-10-01 00:46:04.423990,TRADE,5811.25,1
2024-10-01 00:46:06.817093,TRADE,5811.25,1
2024-10-01 00:46:06.936245,TRADE,5811.25,1
2024-10-01 00:46:08.661729,TRADE,5811.25,1
2024-10-01 00:46:10.461972,TRADE,5811.25,1
2024-10-01 00:46:14.319988,TRADE,5811.5,2
2024-10-01 00:46:14.320240,TRADE,5811.5,1
2024-10-01 00:46:14.320716,TRADE,5811.5,1
2024-10-01 00:46:14.320935,TRADE,5811.5,1
2024-10-01 00:46:14.849292,TRADE,5811.5,1
2024-10-01 00:46:15.770693,TRADE,5811.5,2
2024-10-01 00:46:21.529545,TRADE,5811.5,1
2024-10-01 00:46:23.098728,TRADE,5811.5,7
2024-10-01 00:46:23.637075,TRADE,5811.5,1
2024-10-01 00:46:24.069925,TRADE,5811.25,2
2024-10-01 00:46:24.423510,TRADE,5811.5,1
2024-10-01 00:46:26.277986,TRADE,5811.75,1
2024-10-01 00:46:26.277997,TRADE,5811.75,2
2024-10-01 00:46:26.989672,TRADE,5811.75,1
2024-10-01 00:46:28.263228,TRADE,5811.75,1
2024-10-01 00:46:29.306515,TRADE,5811.5,5
2024-10-01 00:46:31.079911,TRADE,5811.75,1
2024-10-01 00:46:37.360415,TRADE,5811.75,1
2024-10-01 00:46:40.074450,TRADE,5811.75,4
2024-10-01 00:46:40.075013,TRADE,5811.75,6
2024-10-01 00:46:40.097430,TRADE,5811.75,2
2024-10-01 00:46:41.324594,TRADE,5811.75,1
2024-10-01 00:46:41.325988,TRADE,5811.75,3
2024-10-01 00:46:41.326175,TRADE,5811.75,1
2024-10-01 00:46:43.586919,TRADE,5811.75,5
2024-10-01 00:46:46.637597,TRADE,5811.75,1
2024-10-01 00:46:49.916023,TRADE,5811.75,7
2024-10-01 00:46:49.916023,TRADE,5812.0,74
2024-10-01 00:46:49.916090,TRADE,5812.25,6
2024-10-01 00:46:49.916097,TRADE,5812.25,1
2024-10-01 00:46:49.916104,TRADE,5812.25,1
2024-10-01 00:46:49.916110,TRADE,5812.25,1
2024-10-01 00:46:49.916203,TRADE,5812.25,1
2024-10-01 00:46:49.923151,TRADE,5812.25,18
2024-10-01 00:46:49.924281,TRADE,5812.25,3
2024-10-01 00:46:49.931438,TRADE,5812.5,25
2024-10-01 00:46:49.931451,TRADE,5812.5,4
2024-10-01 00:46:49.931451,TRADE,5812.5,1
2024-10-01 00:46:49.931598,TRADE,5812.5,1
2024-10-01 00:46:49.931649,TRADE,5812.5,1
2024-10-01 00:46:49.931746,TRADE,5812.5,1
2024-10-01 00:46:49.931746,TRADE,5812.5,1
2024-10-01 00:46:49.931902,TRADE,5812.5,1
2024-10-01 00:46:49.931902,TRADE,5812.5,2
2024-10-01 00:46:49.931902,TRADE,5812.5,2
2024-10-01 00:46:49.932319,TRADE,5812.25,2
2024-10-01 00:46:49.932382,TRADE,5812.25,2
2024-10-01 00:46:49.932558,TRADE,5812.25,1
2024-10-01 00:46:49.932652,TRADE,5812.25,5
2024-10-01 00:46:49.932755,TRADE,5812.25,4
2024-10-01 00:46:49.932988,TRADE,5812.25,2
2024-10-01 00:46:49.933101,TRADE,5812.25,2
2024-10-01 00:46:49.933271,TRADE,5812.25,3
2024-10-01 00:46:49.933429,TRADE,5812.25,1
2024-10-01 00:46:49.933429,TRADE,5812.25,2
2024-10-01 00:46:49.946874,TRADE,5812.25,3
2024-10-01 00:46:50.112203,TRADE,5812.25,2
2024-10-01 00:46:50.112264,TRADE,5812.25,1
2024-10-01 00:46:50.112264,TRADE,5812.25,1
2024-10-01 00:46:50.112308,TRADE,5812.25,2
2024-10-01 00:46:51.244227,TRADE,5812.25,1
2024-10-01 00:46:51.347520,TRADE,5812.5,1
2024-10-01 00:46:51.347530,TRADE,5812.5,1
2024-10-01 00:46:51.739656,TRADE,5812.5,2
2024-10-01 00:46:52.809586,TRADE,5812.75,1
2024-10-01 00:46:52.809600,TRADE,5812.75,1
2024-10-01 00:46:52.809600,TRADE,5812.75,1
2024-10-01 00:46:52.809600,TRADE,5812.75,6
2024-10-01 00:46:52.809600,TRADE,5812.75,2
2024-10-01 00:46:53.272635,TRADE,5812.75,1
2024-10-01 00:46:53.563335,TRADE,5812.75,1
2024-10-01 00:46:54.567220,TRADE,5812.75,3
2024-10-01 00:46:54.567220,TRADE,5813.0,10
2024-10-01 00:46:54.567238,TRADE,5813.0,1
2024-10-01 00:46:54.644636,TRADE,5813.0,1
2024-10-01 00:46:57.622554,TRADE,5812.75,13
2024-10-01 00:46:57.622650,TRADE,5812.75,11
2024-10-01 00:46:57.622803,TRADE,5812.75,1
2024-10-01 00:46:57.622975,TRADE,5812.75,1
2024-10-01 00:46:57.643218,TRADE,5812.75,1
2024-10-01 00:46:57.759975,TRADE,5812.75,1
2024-10-01 00:46:58.738110,TRADE,5812.5,23
2024-10-01 00:46:58.759277,TRADE,5812.5,2
2024-10-01 00:47:00.659227,TRADE,5812.25,1
2024-10-01 00:47:00.659238,TRADE,5812.25,1
2024-10-01 00:47:01.068201,TRADE,5812.5,1
2024-10-01 00:47:01.550425,TRADE,5812.5,1
2024-10-01 00:47:02.076160,TRADE,5812.25,1
2024-10-01 00:47:02.256668,TRADE,5812.25,1
2024-10-01 00:47:04.214911,TRADE,5812.25,1
2024-10-01 00:47:04.998742,TRADE,5812.5,6
2024-10-01 00:47:05.067710,TRADE,5812.5,9
2024-10-01 00:47:05.067710,TRADE,5812.25,1
2024-10-01 00:47:10.230266,TRADE,5812.5,6
2024-10-01 00:47:10.390217,TRADE,5812.5,3
2024-10-01 00:47:11.112328,TRADE,5812.5,2
2024-10-01 00:47:19.575791,TRADE,5812.5,2
2024-10-01 00:47:19.575857,TRADE,5812.5,5
2024-10-01 00:47:19.906977,TRADE,5812.5,1
2024-10-01 00:47:23.096213,TRADE,5812.5,1
2024-10-01 00:47:23.968729,TRADE,5812.5,3
2024-10-01 00:47:27.420565,TRADE,5812.75,1
2024-10-01 00:47:27.749439,TRADE,5812.5,1
2024-10-01 00:47:29.915661,TRADE,5812.75,1
2024-10-01 00:47:32.500371,TRADE,5812.5,2
2024-10-01 00:47:32.500435,TRADE,5812.5,2
2024-10-01 00:47:32.500435,TRADE,5812.5,1
2024-10-01 00:47:33.943951,TRADE,5812.25,1
2024-10-01 00:47:37.975095,TRADE,5812.5,2
2024-10-01 00:47:37.975136,TRADE,5812.5,2
2024-10-01 00:47:37.975197,TRADE,5812.5,6
2024-10-01 00:47:38.475632,TRADE,5812.5,2
2024-10-01 00:47:49.950263,TRADE,5812.5,12
2024-10-01 00:47:49.950287,TRADE,5812.5,1
2024-10-01 00:47:49.950706,TRADE,5812.5,1
2024-10-01 00:47:50.054478,TRADE,5812.5,1
2024-10-01 00:47:50.054501,TRADE,5812.5,1
2024-10-01 00:47:50.089819,TRADE,5812.5,1
2024-10-01 00:47:51.001193,TRADE,5812.5,1
2024-10-01 00:47:51.001228,TRADE,5812.5,2
2024-10-01 00:47:51.001296,TRADE,5812.5,1
2024-10-01 00:47:51.001296,TRADE,5812.5,2
2024-10-01 00:47:51.001337,TRADE,5812.5,1
2024-10-01 00:47:51.001396,TRADE,5812.5,3
2024-10-01 00:47:51.001604,TRADE,5812.75,2
2024-10-01 00:47:51.001656,TRADE,5812.75,2
2024-10-01 00:47:51.001822,TRADE,5812.75,14
2024-10-01 00:47:51.002605,TRADE,5813.0,8
2024-10-01 00:47:51.002808,TRADE,5813.0,1
2024-10-01 00:47:51.002910,TRADE,5813.0,5
2024-10-01 00:47:51.003109,TRADE,5813.0,1
2024-10-01 00:47:51.003238,TRADE,5813.0,1
2024-10-01 00:47:51.003588,TRADE,5813.0,1
2024-10-01 00:47:51.003745,TRADE,5813.0,2
2024-10-01 00:47:51.004064,TRADE,5813.0,2
2024-10-01 00:47:51.004197,TRADE,5813.0,2
2024-10-01 00:47:51.073981,TRADE,5813.25,3
2024-10-01 00:47:51.073992,TRADE,5813.25,1
2024-10-01 00:47:51.263782,TRADE,5813.0,2
2024-10-01 00:47:51.500503,TRADE,5813.25,1
2024-10-01 00:47:52.410648,TRADE,5813.25,8
2024-10-01 00:47:52.410648,TRADE,5813.5,2
2024-10-01 00:47:52.410660,TRADE,5813.5,2
2024-10-01 00:47:52.411226,TRADE,5813.25,1
2024-10-01 00:47:52.411372,TRADE,5813.25,1
2024-10-01 00:47:52.910590,TRADE,5813.25,2
2024-10-01 00:47:53.580374,TRADE,5813.0,1
2024-10-01 00:47:54.112371,TRADE,5813.25,1
2024-10-01 00:47:56.168997,TRADE,5813.25,10
2024-10-01 00:47:56.538840,TRADE,5813.0,8
2024-10-01 00:47:57.238021,TRADE,5813.0,1
2024-10-01 00:47:57.565034,TRADE,5813.0,1
2024-10-01 00:47:59.649476,TRADE,5813.0,1
2024-10-01 00:47:59.649581,TRADE,5813.0,3
2024-10-01 00:48:01.613978,TRADE,5813.0,1
2024-10-01 00:48:02.670704,TRADE,5813.25,10
2024-10-01 00:48:03.517737,TRADE,5813.25,1
2024-10-01 00:48:03.679026,TRADE,5813.25,1
2024-10-01 00:48:05.193977,TRADE,5813.25,2
2024-10-01 00:48:07.562753,TRADE,5813.25,1
2024-10-01 00:48:09.870024,TRADE,5813.25,1
2024-10-01 00:48:10.179025,TRADE,5813.25,1
2024-10-01 00:48:10.625078,TRADE,5813.5,4
2024-10-01 00:48:11.122966,TRADE,5813.5,2
2024-10-01 00:48:13.061655,TRADE,5813.5,10
2024-10-01 00:48:14.099057,TRADE,5813.75,10
2024-10-01 00:48:14.099320,TRADE,5813.75,12
2024-10-01 00:48:14.099415,TRADE,5813.75,2
2024-10-01 00:48:14.099470,TRADE,5813.75,1
2024-10-01 00:48:14.099901,TRADE,5813.75,1
2024-10-01 00:48:14.100739,TRADE,5814.0,3
2024-10-01 00:48:14.100752,TRADE,5814.0,1
2024-10-01 00:48:14.102530,TRADE,5813.75,6
2024-10-01 00:48:14.189158,TRADE,5814.0,1
2024-10-01 00:48:14.992185,TRADE,5814.0,72
2024-10-01 00:48:14.992228,TRADE,5814.0,3
2024-10-01 00:48:14.992321,TRADE,5814.0,2
2024-10-01 00:48:14.992321,TRADE,5814.0,2
2024-10-01 00:48:14.992395,TRADE,5814.0,3
2024-10-01 00:48:14.993026,TRADE,5814.0,25
2024-10-01 00:48:14.993890,TRADE,5814.25,1
2024-10-01 00:48:14.993908,TRADE,5814.25,3
2024-10-01 00:48:14.993908,TRADE,5814.25,7
2024-10-01 00:48:14.993908,TRADE,5814.25,1
2024-10-01 00:48:14.994712,TRADE,5814.25,1
2024-10-01 00:48:14.998156,TRADE,5814.25,1
2024-10-01 00:48:14.998277,TRADE,5814.25,1
2024-10-01 00:48:15.199401,TRADE,5814.25,1
2024-10-01 00:48:15.307061,TRADE,5814.0,1
2024-10-01 00:48:15.419194,TRADE,5814.25,2
2024-10-01 00:48:15.431468,TRADE,5814.25,3
2024-10-01 00:48:15.477875,TRADE,5814.0,1
2024-10-01 00:48:15.769596,TRADE,5814.25,2
2024-10-01 00:48:15.972974,TRADE,5814.0,1
2024-10-01 00:48:18.752095,TRADE,5814.25,7
2024-10-01 00:48:19.835100,TRADE,5814.5,2
2024-10-01 00:48:19.835112,TRADE,5814.5,8
2024-10-01 00:48:19.835112,TRADE,5814.5,2
2024-10-01 00:48:19.850857,TRADE,5814.75,1
2024-10-01 00:48:19.850872,TRADE,5814.75,2
2024-10-01 00:48:19.850959,TRADE,5814.75,13
2024-10-01 00:48:19.851014,TRADE,5814.75,1
2024-10-01 00:48:19.851068,TRADE,5814.75,2
2024-10-01 00:48:19.851149,TRADE,5814.75,1
2024-10-01 00:48:19.852089,TRADE,5814.75,3
2024-10-01 00:48:19.852276,TRADE,5814.75,1
2024-10-01 00:48:19.852328,TRADE,5814.75,1
2024-10-01 00:48:19.859813,TRADE,5814.75,1
2024-10-01 00:48:19.928525,TRADE,5814.5,3
2024-10-01 00:48:20.013239,TRADE,5814.5,2
2024-10-01 00:48:20.207888,TRADE,5814.75,4
2024-10-01 00:48:20.208327,TRADE,5814.75,3
2024-10-01 00:48:20.208772,TRADE,5814.75,1
2024-10-01 00:48:20.555394,TRADE,5814.75,1
2024-10-01 00:48:20.700535,TRADE,5814.75,7
2024-10-01 00:48:20.880638,TRADE,5814.75,4
2024-10-01 00:48:21.601287,TRADE,5814.75,4
2024-10-01 00:48:21.601340,TRADE,5814.75,2
2024-10-01 00:48:21.601543,TRADE,5814.75,5
2024-10-01 00:48:21.601853,TRADE,5814.75,2
2024-10-01 00:48:21.601934,TRADE,5814.75,1
2024-10-01 00:48:21.602066,TRADE,5814.75,1
2024-10-01 00:48:21.602097,TRADE,5814.75,1
2024-10-01 00:48:21.602723,TRADE,5814.75,1
2024-10-01 00:48:21.602949,TRADE,5814.75,1
2024-10-01 00:48:21.602995,TRADE,5814.75,1
2024-10-01 00:48:22.561012,TRADE,5814.75,6
2024-10-01 00:48:23.105022,TRADE,5814.5,1
2024-10-01 00:48:23.105201,TRADE,5814.5,1
2024-10-01 00:48:23.105249,TRADE,5814.5,1
2024-10-01 00:48:23.177927,TRADE,5814.75,10
2024-10-01 00:48:23.262441,TRADE,5814.5,1
2024-10-01 00:48:23.566929,TRADE,5814.5,1
2024-10-01 00:48:25.093933,TRADE,5814.5,2
2024-10-01 00:48:27.169388,TRADE,5814.5,8
2024-10-01 00:48:27.428544,TRADE,5814.75,15
2024-10-01 00:48:27.428544,TRADE,5815.0,59
2024-10-01 00:48:27.428557,TRADE,5815.0,1
2024-10-01 00:48:27.428565,TRADE,5815.0,1
2024-10-01 00:48:27.428565,TRADE,5815.0,2
2024-10-01 00:48:27.428565,TRADE,5815.0,1
2024-10-01 00:48:27.429232,TRADE,5814.75,7
2024-10-01 00:48:27.429341,TRADE,5814.75,1
2024-10-01 00:48:27.429341,TRADE,5814.75,4
2024-10-01 00:48:27.429445,TRADE,5814.75,1
2024-10-01 00:48:27.429462,TRADE,5814.75,2
2024-10-01 00:48:27.429559,TRADE,5814.75,1
2024-10-01 00:48:27.429559,TRADE,5814.75,1
2024-10-01 00:48:27.429559,TRADE,5814.75,1
2024-10-01 00:48:27.429664,TRADE,5814.75,1
2024-10-01 00:48:27.429679,TRADE,5814.75,1
2024-10-01 00:48:27.429773,TRADE,5814.75,1
2024-10-01 00:48:27.430417,TRADE,5814.5,1
2024-10-01 00:48:27.430596,TRADE,5814.5,1
2024-10-01 00:48:27.430703,TRADE,5814.5,1
2024-10-01 00:48:27.430703,TRADE,5814.5,1
2024-10-01 00:48:27.430807,TRADE,5814.5,7
2024-10-01 00:48:27.430945,TRADE,5814.5,1
2024-10-01 00:48:27.431397,TRADE,5814.25,1
2024-10-01 00:48:27.431568,TRADE,5814.25,1
2024-10-01 00:48:27.431678,TRADE,5814.25,1
2024-10-01 00:48:27.431690,TRADE,5814.25,1
2024-10-01 00:48:27.431690,TRADE,5814.25,1
2024-10-01 00:48:27.431780,TRADE,5814.25,1
2024-10-01 00:48:27.431884,TRADE,5814.25,6
2024-10-01 00:48:27.432292,TRADE,5814.25,1
2024-10-01 00:48:27.433344,TRADE,5814.0,1
2024-10-01 00:48:27.433508,TRADE,5814.0,1
2024-10-01 00:48:27.433615,TRADE,5814.0,1
2024-10-01 00:48:27.433626,TRADE,5814.0,1
2024-10-01 00:48:27.433723,TRADE,5814.0,1
2024-10-01 00:48:27.433826,TRADE,5814.0,1
2024-10-01 00:48:27.433932,TRADE,5814.0,4
2024-10-01 00:48:27.434037,TRADE,5814.0,2
2024-10-01 00:48:27.434261,TRADE,5814.0,1
2024-10-01 00:48:27.434363,TRADE,5814.0,1
2024-10-01 00:48:27.434465,TRADE,5814.0,1
2024-10-01 00:48:27.434575,TRADE,5814.0,1
2024-10-01 00:48:27.434575,TRADE,5814.0,1
2024-10-01 00:48:27.448043,TRADE,5814.0,2
