time,type,price,size
2024-11-08 00:00:00.068098,TRADE,6007.25,1
2024-11-08 00:00:00.080105,TRADE,6007.25,1
2024-11-08 00:00:00.224194,TRADE,6007.5,1
2024-11-08 00:00:00.447533,TRADE,6007.25,1
2024-11-08 00:00:00.741351,TRADE,6007.25,2
2024-11-08 00:00:00.741404,TRADE,6007.25,1
2024-11-08 00:00:00.741700,TRADE,6007.25,1
2024-11-08 00:00:00.742228,TRADE,6007.25,1
2024-11-08 00:00:00.742522,TRADE,6007.25,1
2024-11-08 00:00:00.742696,TRADE,6007.25,1
2024-11-08 00:00:00.743585,TRADE,6007.25,2
2024-11-08 00:00:02.785824,TRADE,6007.25,1
2024-11-08 00:00:03.868290,TRADE,6007.5,1
2024-11-08 00:00:03.868506,TRADE,6007.5,30
2024-11-08 00:00:06.225516,TRADE,6007.5,1
2024-11-08 00:00:06.260265,TRADE,6007.5,1
2024-11-08 00:00:07.865300,TRADE,6007.5,1
2024-11-08 00:00:14.034418,TRADE,6007.5,2
2024-11-08 00:00:14.105068,TRADE,6007.5,2
2024-11-08 00:00:18.107261,TRADE,6007.5,1
2024-11-08 00:00:19.875749,TRADE,6007.5,1
2024-11-08 00:00:21.945059,TRADE,6007.25,5
2024-11-08 00:00:21.945311,TRADE,6007.25,3
2024-11-08 00:00:21.945614,TRADE,6007.25,2
2024-11-08 00:00:21.945823,TRADE,6007.25,1
2024-11-08 00:00:21.947233,TRADE,6007.25,1
2024-11-08 00:00:32.126193,TRADE,6007.5,1
2024-11-08 00:00:35.999283,TRADE,6007.25,9
2024-11-08 00:00:36.304072,TRADE,6007.25,1
2024-11-08 00:00:36.304301,TRADE,6007.25,3
2024-11-08 00:00:36.304572,TRADE,6007.25,1
2024-11-08 00:00:36.304774,TRADE,6007.25,1
2024-11-08 00:00:36.321539,TRADE,6007.25,1
2024-11-08 00:00:43.475275,TRADE,6007.25,3
2024-11-08 00:00:43.475434,TRADE,6007.25,1
2024-11-08 00:00:43.475484,TRADE,6007.25,3
2024-11-08 00:00:43.475563,TRADE,6007.25,4
2024-11-08 00:00:43.475814,TRADE,6007.25,1
2024-11-08 00:00:43.476656,TRADE,6007.25,1
2024-11-08 00:00:43.476829,TRADE,6007.25,1
2024-11-08 00:00:43.477033,TRADE,6007.25,1
2024-11-08 00:00:43.477184,TRADE,6007.25,1
2024-11-08 00:00:43.670792,TRADE,6007.25,1
2024-11-08 00:00:43.670958,TRADE,6007.25,2
2024-11-08 00:00:44.577265,TRADE,6007.25,2
2024-11-08 00:00:44.579075,TRADE,6007.25,1
2024-11-08 00:00:44.692399,TRADE,6007.25,1
2024-11-08 00:00:49.625628,TRADE,6007.5,6
2024-11-08 00:00:49.626136,TRADE,6007.5,1
2024-11-08 00:00:53.270946,TRADE,6007.5,1
2024-11-08 00:01:01.651433,TRADE,6007.5,2
2024-11-08 00:01:01.651744,TRADE,6007.5,6
2024-11-08 00:01:01.652083,TRADE,6007.5,1
2024-11-08 00:01:02.541292,TRADE,6007.5,1
2024-11-08 00:01:04.391258,TRADE,6007.75,1
2024-11-08 00:01:04.391272,TRADE,6007.75,1
2024-11-08 00:01:04.391272,TRADE,6007.75,1
2024-11-08 00:01:04.391559,TRADE,6007.5,2
2024-11-08 00:01:04.392004,TRADE,6007.5,1
2024-11-08 00:01:04.392208,TRADE,6007.5,1
2024-11-08 00:01:05.663211,TRADE,6007.25,1
2024-11-08 00:01:05.663588,TRADE,6007.5,2
2024-11-08 00:01:09.542247,TRADE,6007.5,1
2024-11-08 00:01:10.746739,TRADE,6007.5,5
2024-11-08 00:01:10.746876,TRADE,6007.5,3
2024-11-08 00:01:10.747036,TRADE,6007.5,10
2024-11-08 00:01:10.748624,TRADE,6007.5,1
2024-11-08 00:01:11.296300,TRADE,6007.5,1
2024-11-08 00:01:11.302037,TRADE,6007.5,1
2024-11-08 00:01:12.432630,TRADE,6007.5,1
2024-11-08 00:01:12.787885,TRADE,6007.5,1
2024-11-08 00:01:12.788095,TRADE,6007.5,3
2024-11-08 00:01:12.788142,TRADE,6007.5,1
2024-11-08 00:01:12.788397,TRADE,6007.5,1
2024-11-08 00:01:21.496545,TRADE,6007.75,2
2024-11-08 00:01:21.496881,TRADE,6007.75,18
2024-11-08 00:01:21.497765,TRADE,6007.75,3
2024-11-08 00:01:21.507641,TRADE,6007.75,1
2024-11-08 00:01:21.507826,TRADE,6007.75,1
2024-11-08 00:01:22.665440,TRADE,6007.75,1
2024-11-08 00:01:22.746358,TRADE,6007.75,1
2024-11-08 00:01:22.746572,TRADE,6007.75,1
2024-11-08 00:01:22.746609,TRADE,6007.75,1
2024-11-08 00:01:22.746644,TRADE,6007.75,3
2024-11-08 00:01:26.658835,TRADE,6008.0,2
2024-11-08 00:01:26.658850,TRADE,6008.0,1
2024-11-08 00:01:26.658850,TRADE,6008.0,2
2024-11-08 00:01:28.046698,TRADE,6007.75,1
2024-11-08 00:01:29.244638,TRADE,6008.0,1
2024-11-08 00:01:30.969304,TRADE,6008.0,2
2024-11-08 00:01:33.866150,TRADE,6008.0,1
2024-11-08 00:01:34.488599,TRADE,6008.0,1
2024-11-08 00:01:34.488779,TRADE,6008.0,1
2024-11-08 00:01:34.488851,TRADE,6008.0,1
2024-11-08 00:01:34.488851,TRADE,6008.0,1
2024-11-08 00:01:34.488895,TRADE,6008.0,1
2024-11-08 00:01:34.488935,TRADE,6008.0,1
2024-11-08 00:01:34.489028,TRADE,6008.0,1
2024-11-08 00:01:34.489110,TRADE,6008.0,1
2024-11-08 00:01:34.489490,TRADE,6008.0,1
2024-11-08 00:01:34.489714,TRADE,6008.0,1
2024-11-08 00:01:34.489828,TRADE,6008.0,1
2024-11-08 00:01:34.489895,TRADE,6008.0,1
2024-11-08 00:01:34.489895,TRADE,6008.0,1
2024-11-08 00:01:34.490114,TRADE,6008.0,3
2024-11-08 00:01:34.906019,TRADE,6008.25,2
2024-11-08 00:01:34.906032,TRADE,6008.25,5
2024-11-08 00:01:34.906032,TRADE,6008.25,1
2024-11-08 00:01:34.906032,TRADE,6008.25,1
2024-11-08 00:01:34.906561,TRADE,6008.0,4
2024-11-08 00:01:34.906731,TRADE,6008.0,2
2024-11-08 00:01:34.907102,TRADE,6008.0,1
2024-11-08 00:01:34.973919,TRADE,6008.0,1
2024-11-08 00:01:34.974665,TRADE,6008.0,1
2024-11-08 00:01:35.713419,TRADE,6008.0,1
2024-11-08 00:01:36.474019,TRADE,6008.0,1
2024-11-08 00:01:36.474485,TRADE,6008.0,1
2024-11-08 00:01:37.986729,TRADE,6008.0,1
2024-11-08 00:01:37.986908,TRADE,6008.0,1
2024-11-08 00:01:37.986936,TRADE,6008.0,1
2024-11-08 00:01:38.268588,TRADE,6008.0,1
2024-11-08 00:01:39.390112,TRADE,6008.0,1
2024-11-08 00:01:39.485472,TRADE,6008.0,1
2024-11-08 00:01:39.663691,TRADE,6008.0,1
2024-11-08 00:01:45.080764,TRADE,6008.0,10
2024-11-08 00:01:46.456779,TRADE,6007.75,1
2024-11-08 00:01:49.126696,TRADE,6007.75,1
2024-11-08 00:01:49.823929,TRADE,6007.75,1
2024-11-08 00:01:50.167434,TRADE,6007.75,1
2024-11-08 00:01:50.167699,TRADE,6007.75,1
2024-11-08 00:01:50.167981,TRADE,6007.75,11
2024-11-08 00:02:00.217049,TRADE,6007.5,1
2024-11-08 00:02:02.279469,TRADE,6007.75,1
2024-11-08 00:02:02.479944,TRADE,6007.75,2
2024-11-08 00:02:02.480139,TRADE,6007.75,1
2024-11-08 00:02:02.480225,TRADE,6007.75,5
2024-11-08 00:02:03.024845,TRADE,6007.75,1
2024-11-08 00:02:03.025009,TRADE,6007.75,1
2024-11-08 00:02:04.414826,TRADE,6007.75,1
2024-11-08 00:02:06.460232,TRADE,6008.0,1
2024-11-08 00:02:06.529013,TRADE,6008.0,1
2024-11-08 00:02:16.911170,TRADE,6007.75,2
2024-11-08 00:02:17.144381,TRADE,6008.0,2
2024-11-08 00:02:19.052881,TRADE,6007.75,1
2024-11-08 00:02:20.127975,TRADE,6007.75,1
2024-11-08 00:02:20.972591,TRADE,6007.75,1
2024-11-08 00:02:20.973157,TRADE,6007.75,2
2024-11-08 00:02:20.973509,TRADE,6007.75,1
2024-11-08 00:02:23.971705,TRADE,6007.75,1
2024-11-08 00:02:41.695477,TRADE,6007.75,4
2024-11-08 00:02:41.695503,TRADE,6007.75,1
2024-11-08 00:03:01.011792,TRADE,6007.75,1
2024-11-08 00:03:02.950545,TRADE,6007.75,1
2024-11-08 00:03:03.683105,TRADE,6007.75,1
2024-11-08 00:03:11.268250,TRADE,6007.75,1
2024-11-08 00:03:16.187025,TRADE,6007.75,9
2024-11-08 00:03:16.191417,TRADE,6008.0,1
2024-11-08 00:03:16.191686,TRADE,6008.0,11
2024-11-08 00:03:16.513275,TRADE,6008.25,2
2024-11-08 00:03:16.513340,TRADE,6008.25,1
2024-11-08 00:03:16.513476,TRADE,6008.25,1
2024-11-08 00:03:16.746237,TRADE,6008.25,4
2024-11-08 00:03:16.746434,TRADE,6008.25,1
2024-11-08 00:03:16.746469,TRADE,6008.25,1
2024-11-08 00:03:16.746503,TRADE,6008.25,6
2024-11-08 00:03:16.988857,TRADE,6008.5,4
2024-11-08 00:03:16.988916,TRADE,6008.5,2
2024-11-08 00:03:16.988956,TRADE,6008.5,2
2024-11-08 00:03:16.989033,TRADE,6008.5,3
2024-11-08 00:03:16.989135,TRADE,6008.5,5
2024-11-08 00:03:16.989179,TRADE,6008.5,1
2024-11-08 00:03:16.991486,TRADE,6008.75,1
2024-11-08 00:03:16.991501,TRADE,6008.75,1
2024-11-08 00:03:16.991501,TRADE,6008.75,1
2024-11-08 00:03:16.996163,TRADE,6008.75,2
2024-11-08 00:03:16.996232,TRADE,6008.75,2
2024-11-08 00:03:16.996990,TRADE,6008.75,1
2024-11-08 00:03:17.000091,TRADE,6008.5,8
2024-11-08 00:03:17.000403,TRADE,6008.5,10
2024-11-08 00:03:17.272416,TRADE,6008.25,1
2024-11-08 00:03:17.770462,TRADE,6008.25,2
2024-11-08 00:03:17.770709,TRADE,6008.25,7
2024-11-08 00:03:17.771093,TRADE,6008.25,2
2024-11-08 00:03:17.790268,TRADE,6008.25,1
2024-11-08 00:03:17.790423,TRADE,6008.25,1
2024-11-08 00:03:17.795809,TRADE,6008.25,1
2024-11-08 00:03:17.795999,TRADE,6008.25,1
2024-11-08 00:03:18.175753,TRADE,6008.25,1
2024-11-08 00:03:19.538913,TRADE,6008.25,8
2024-11-08 00:03:20.301198,TRADE,6008.25,1
2024-11-08 00:03:28.737918,TRADE,6008.25,1
2024-11-08 00:03:32.312915,TRADE,6008.0,1
2024-11-08 00:03:36.348320,TRADE,6008.0,1
2024-11-08 00:03:36.585063,TRADE,6008.25,1
2024-11-08 00:03:51.996144,TRADE,6008.25,1
2024-11-08 00:03:51.996345,TRADE,6008.25,1
2024-11-08 00:04:02.417376,TRADE,6008.25,1
2024-11-08 00:04:05.221170,TRADE,6008.25,1
2024-11-08 00:04:05.569451,TRADE,6008.25,4
2024-11-08 00:04:13.655229,TRADE,6008.5,1
2024-11-08 00:04:20.682958,TRADE,6008.5,1
2024-11-08 00:04:31.816345,TRADE,6008.5,1
2024-11-08 00:04:33.853128,TRADE,6008.5,1
2024-11-08 00:04:36.533747,TRADE,6008.5,1
2024-11-08 00:04:37.154354,TRADE,6008.25,1
2024-11-08 00:04:37.154709,TRADE,6008.25,13
2024-11-08 00:04:37.154875,TRADE,6008.25,1
2024-11-08 00:04:37.155181,TRADE,6008.25,1
2024-11-08 00:04:39.438977,TRADE,6008.5,3
2024-11-08 00:04:41.828057,TRADE,6008.5,2
2024-11-08 00:04:41.828219,TRADE,6008.5,1
2024-11-08 00:04:41.828390,TRADE,6008.5,8
2024-11-08 00:04:41.889604,TRADE,6008.5,1
2024-11-08 00:04:42.151089,TRADE,6008.5,2
2024-11-08 00:04:42.151312,TRADE,6008.5,1
2024-11-08 00:04:42.151637,TRADE,6008.5,1
2024-11-08 00:04:42.151816,TRADE,6008.5,1
2024-11-08 00:04:42.625877,TRADE,6008.75,9
2024-11-08 00:04:43.600013,TRADE,6008.75,1
2024-11-08 00:04:43.600013,TRADE,6009.0,1
2024-11-08 00:04:43.600031,TRADE,6009.0,1
2024-11-08 00:04:43.600031,TRADE,6009.0,1
2024-11-08 00:04:43.600031,TRADE,6009.0,1
2024-11-08 00:04:43.600031,TRADE,6009.0,1
2024-11-08 00:04:46.755728,TRADE,6008.75,1
2024-11-08 00:04:47.646590,TRADE,6009.0,1
2024-11-08 00:04:47.917558,TRADE,6009.0,1
2024-11-08 00:04:49.096723,TRADE,6008.75,1
2024-11-08 00:04:49.097930,TRADE,6008.75,8
2024-11-08 00:04:49.306058,TRADE,6009.0,1
2024-11-08 00:04:49.447490,TRADE,6008.75,1
2024-11-08 00:04:49.547086,TRADE,6009.0,1
2024-11-08 00:04:50.743712,TRADE,6008.75,3
2024-11-08 00:04:50.744064,TRADE,6008.75,2
2024-11-08 00:04:50.744292,TRADE,6008.75,1
2024-11-08 00:04:52.167494,TRADE,6008.75,1
2024-11-08 00:04:56.123273,TRADE,6008.5,1
2024-11-08 00:04:56.123698,TRADE,6008.5,18
2024-11-08 00:04:57.443272,TRADE,6008.5,1
2024-11-08 00:04:57.443442,TRADE,6008.5,1
2024-11-08 00:04:57.475837,TRADE,6008.5,1
2024-11-08 00:05:01.686036,TRADE,6008.75,1
2024-11-08 00:05:01.686216,TRADE,6008.75,1
2024-11-08 00:05:07.361935,TRADE,6008.5,2
2024-11-08 00:05:07.363039,TRADE,6008.5,10
2024-11-08 00:05:08.458741,TRADE,6008.25,1
2024-11-08 00:05:08.460056,TRADE,6008.25,11
2024-11-08 00:05:11.846445,TRADE,6008.0,15
2024-11-08 00:05:11.846455,TRADE,6007.75,1
2024-11-08 00:05:12.513721,TRADE,6007.75,1
2024-11-08 00:05:12.514827,TRADE,6007.75,21
2024-11-08 00:05:12.517390,TRADE,6007.5,3
2024-11-08 00:05:12.517401,TRADE,6007.25,1
2024-11-08 00:05:12.517879,TRADE,6007.5,1
2024-11-08 00:05:12.780985,TRADE,6007.5,1
2024-11-08 00:05:12.785509,TRADE,6007.5,2
2024-11-08 00:05:13.372004,TRADE,6007.5,3
2024-11-08 00:05:13.593963,TRADE,6007.5,1
2024-11-08 00:05:13.594902,TRADE,6007.5,1
2024-11-08 00:05:13.595259,TRADE,6007.5,7
2024-11-08 00:05:13.978330,TRADE,6007.5,1
2024-11-08 00:05:14.029654,TRADE,6007.5,1
2024-11-08 00:05:14.342132,TRADE,6007.25,1
2024-11-08 00:05:18.519968,TRADE,6007.25,1
2024-11-08 00:05:21.489231,TRADE,6007.5,2
2024-11-08 00:05:21.489594,TRADE,6007.5,20
2024-11-08 00:05:21.490057,TRADE,6007.5,1
2024-11-08 00:05:21.712954,TRADE,6007.5,7
2024-11-08 00:05:21.713448,TRADE,6007.5,2
2024-11-08 00:05:21.713494,TRADE,6007.5,1
2024-11-08 00:05:21.713685,TRADE,6007.5,1
2024-11-08 00:05:21.713748,TRADE,6007.5,1
2024-11-08 00:05:21.713748,TRADE,6007.5,1
2024-11-08 00:05:21.997947,TRADE,6007.5,3
2024-11-08 00:05:21.997947,TRADE,6007.75,1
2024-11-08 00:05:21.998482,TRADE,6007.5,2
2024-11-08 00:05:22.154277,TRADE,6007.5,1
2024-11-08 00:05:22.219270,TRADE,6007.5,1
2024-11-08 00:05:22.220197,TRADE,6007.5,1
2024-11-08 00:05:22.220389,TRADE,6007.5,1
2024-11-08 00:05:22.221421,TRADE,6007.5,7
2024-11-08 00:05:22.759308,TRADE,6007.5,1
2024-11-08 00:05:25.245163,TRADE,6007.25,2
2024-11-08 00:05:29.713656,TRADE,6007.25,1
2024-11-08 00:05:30.766007,TRADE,6007.25,1
2024-11-08 00:05:36.032833,TRADE,6007.25,2
2024-11-08 00:05:36.032996,TRADE,6007.25,1
2024-11-08 00:05:36.033040,TRADE,6007.25,1
2024-11-08 00:05:36.033351,TRADE,6007.25,3
2024-11-08 00:05:36.034310,TRADE,6007.25,1
2024-11-08 00:05:38.751327,TRADE,6007.25,1
2024-11-08 00:05:41.656311,TRADE,6007.5,1
2024-11-08 00:05:43.432007,TRADE,6007.5,2
2024-11-08 00:05:43.804100,TRADE,6007.5,13
2024-11-08 00:05:48.810178,TRADE,6007.75,2
2024-11-08 00:05:48.810482,TRADE,6007.75,6
2024-11-08 00:05:50.550066,TRADE,6007.75,1
2024-11-08 00:05:50.551681,TRADE,6007.75,1
2024-11-08 00:05:51.791878,TRADE,6008.0,1
2024-11-08 00:05:56.387532,TRADE,6007.5,11
2024-11-08 00:05:57.629341,TRADE,6007.25,1
2024-11-08 00:05:59.403730,TRADE,6007.0,1
2024-11-08 00:05:59.403743,TRADE,6007.0,1
2024-11-08 00:05:59.403743,TRADE,6007.0,1
2024-11-08 00:05:59.414129,TRADE,6007.25,1
2024-11-08 00:06:07.681290,TRADE,6007.25,2
2024-11-08 00:06:07.681458,TRADE,6007.25,3
2024-11-08 00:06:09.573880,TRADE,6007.25,2
2024-11-08 00:06:11.588128,TRADE,6007.25,3
2024-11-08 00:06:11.588356,TRADE,6007.25,2
2024-11-08 00:06:11.588404,TRADE,6007.25,2
2024-11-08 00:06:13.422896,TRADE,6007.25,2
2024-11-08 00:06:16.115807,TRADE,6007.25,1
2024-11-08 00:06:16.116033,TRADE,6007.25,3
2024-11-08 00:06:16.362427,TRADE,6007.25,1
2024-11-08 00:06:19.164362,TRADE,6007.25,1
2024-11-08 00:06:19.164562,TRADE,6007.25,1
2024-11-08 00:06:24.906608,TRADE,6007.0,2
2024-11-08 00:06:26.309010,TRADE,6007.0,9
2024-11-08 00:06:26.555849,TRADE,6007.0,1
2024-11-08 00:06:26.556067,TRADE,6007.0,4
2024-11-08 00:06:28.328375,TRADE,6006.75,2
2024-11-08 00:06:30.647799,TRADE,6006.75,1
2024-11-08 00:06:30.648120,TRADE,6007.0,1
2024-11-08 00:06:31.687713,TRADE,6007.0,1
2024-11-08 00:06:31.687909,TRADE,6007.0,1
2024-11-08 00:06:31.688013,TRADE,6007.0,5
2024-11-08 00:06:35.403115,TRADE,6006.75,1
2024-11-08 00:06:36.389738,TRADE,6006.75,2
2024-11-08 00:06:46.786453,TRADE,6007.0,1
2024-11-08 00:06:49.058053,TRADE,6007.0,1
2024-11-08 00:06:53.932184,TRADE,6007.0,11
2024-11-08 00:06:53.932598,TRADE,6007.0,1
2024-11-08 00:07:01.118696,TRADE,6007.25,3
2024-11-08 00:07:03.427076,TRADE,6007.25,1
2024-11-08 00:07:03.427418,TRADE,6007.25,6
2024-11-08 00:07:05.782019,TRADE,6007.25,2
2024-11-08 00:07:09.161871,TRADE,6007.0,1
2024-11-08 00:07:11.458361,TRADE,6007.0,1
2024-11-08 00:07:11.458603,TRADE,6007.0,2
2024-11-08 00:07:11.458827,TRADE,6007.0,1
2024-11-08 00:07:11.458865,TRADE,6007.0,1
2024-11-08 00:07:11.459360,TRADE,6007.0,1
2024-11-08 00:07:15.840203,TRADE,6006.75,6
2024-11-08 00:07:16.430160,TRADE,6007.0,2
2024-11-08 00:07:32.526979,TRADE,6007.0,1
2024-11-08 00:07:33.426212,TRADE,6007.0,1
2024-11-08 00:07:33.681846,TRADE,6006.75,1
2024-11-08 00:07:33.682407,TRADE,6006.75,10
2024-11-08 00:07:38.880211,TRADE,6006.75,8
2024-11-08 00:07:38.880553,TRADE,6006.75,2
2024-11-08 00:07:40.726159,TRADE,6006.5,1
2024-11-08 00:07:40.726171,TRADE,6006.5,1
2024-11-08 00:07:40.726836,TRADE,6006.75,1
2024-11-08 00:07:40.727041,TRADE,6006.75,1
2024-11-08 00:07:41.782101,TRADE,6006.75,1
2024-11-08 00:07:42.332902,TRADE,6006.75,1
2024-11-08 00:07:44.218160,TRADE,6007.0,1
2024-11-08 00:07:44.256581,TRADE,6007.0,5
2024-11-08 00:07:46.542365,TRADE,6006.75,2
2024-11-08 00:07:46.717114,TRADE,6006.75,1
2024-11-08 00:07:48.541294,TRADE,6006.75,1
2024-11-08 00:07:48.541294,TRADE,6006.5,14
2024-11-08 00:07:49.313920,TRADE,6006.5,2
2024-11-08 00:07:49.314159,TRADE,6006.5,1
2024-11-08 00:07:55.344489,TRADE,6006.75,1
2024-11-08 00:08:07.736994,TRADE,6006.75,1
2024-11-08 00:08:07.737496,TRADE,6006.75,3
2024-11-08 00:08:11.903325,TRADE,6007.0,1
2024-11-08 00:08:12.412607,TRADE,6007.0,1
2024-11-08 00:08:13.039889,TRADE,6007.0,1
2024-11-08 00:08:21.754720,TRADE,6007.0,1
2024-11-08 00:08:21.754760,TRADE,6007.0,1
2024-11-08 00:08:27.401016,TRADE,6006.75,9
2024-11-08 00:08:28.685249,TRADE,6006.75,9
2024-11-08 00:08:31.313588,TRADE,6006.75,2
2024-11-08 00:08:36.444406,TRADE,6006.5,1
2024-11-08 00:08:39.118990,TRADE,6006.75,1
2024-11-08 00:08:39.119412,TRADE,6006.75,1
2024-11-08 00:08:41.403426,TRADE,6006.5,1
2024-11-08 00:08:51.315338,TRADE,6006.75,8
2024-11-08 00:08:51.315811,TRADE,6006.75,1
2024-11-08 00:08:51.316269,TRADE,6006.75,4
2024-11-08 00:08:51.316471,TRADE,6006.75,5
2024-11-08 00:08:58.702470,TRADE,6006.75,1
2024-11-08 00:09:00.880800,TRADE,6007.0,2
2024-11-08 00:09:02.739774,TRADE,6007.0,1
2024-11-08 00:09:02.740008,TRADE,6007.0,3
2024-11-08 00:09:02.741507,TRADE,6007.0,2
2024-11-08 00:09:02.741724,TRADE,6007.0,1
2024-11-08 00:09:04.231382,TRADE,6007.25,1
2024-11-08 00:09:04.232234,TRADE,6006.75,1
2024-11-08 00:09:04.583252,TRADE,6006.75,5
2024-11-08 00:09:07.085193,TRADE,6006.75,3
2024-11-08 00:09:08.137648,TRADE,6006.75,6
2024-11-08 00:09:08.238528,TRADE,6006.5,4
2024-11-08 00:09:08.340870,TRADE,6006.5,1
2024-11-08 00:09:10.182661,TRADE,6006.5,2
2024-11-08 00:09:10.183051,TRADE,6006.5,1
2024-11-08 00:09:16.725837,TRADE,6006.75,2
2024-11-08 00:09:25.187030,TRADE,6006.75,1
2024-11-08 00:09:25.586552,TRADE,6006.5,5
2024-11-08 00:09:25.671918,TRADE,6006.5,1
2024-11-08 00:09:25.672106,TRADE,6006.5,1
2024-11-08 00:09:25.672316,TRADE,6006.5,1
2024-11-08 00:09:45.626414,TRADE,6006.5,6
2024-11-08 00:09:45.626438,TRADE,6006.5,1
2024-11-08 00:09:45.626541,TRADE,6006.5,1
2024-11-08 00:09:45.626630,TRADE,6006.5,1
2024-11-08 00:09:45.627066,TRADE,6006.5,1
2024-11-08 00:09:45.627131,TRADE,6006.5,1
2024-11-08 00:09:45.627444,TRADE,6006.5,6
2024-11-08 00:09:45.627620,TRADE,6006.5,1
2024-11-08 00:09:45.628296,TRADE,6006.5,1
2024-11-08 00:09:45.631196,TRADE,6006.5,2
2024-11-08 00:09:53.403300,TRADE,6006.25,1
2024-11-08 00:09:58.714107,TRADE,6006.5,1
2024-11-08 00:09:58.724132,TRADE,6006.5,1
2024-11-08 00:09:58.724268,TRADE,6006.5,12
2024-11-08 00:10:01.600974,TRADE,6006.5,1
2024-11-08 00:10:15.012563,TRADE,6006.75,1
2024-11-08 00:10:17.404672,TRADE,6006.5,1
2024-11-08 00:10:17.535733,TRADE,6006.5,1
2024-11-08 00:10:19.213868,TRADE,6006.75,1
2024-11-08 00:10:21.389643,TRADE,6006.75,1
2024-11-08 00:10:26.465579,TRADE,6006.75,1
2024-11-08 00:10:26.465802,TRADE,6006.75,1
2024-11-08 00:10:26.466129,TRADE,6006.75,2
2024-11-08 00:10:30.942241,TRADE,6006.75,1
2024-11-08 00:10:33.367720,TRADE,6006.5,1
2024-11-08 00:10:33.367907,TRADE,6006.5,2
2024-11-08 00:10:33.368439,TRADE,6006.5,3
2024-11-08 00:10:40.942925,TRADE,6006.5,1
2024-11-08 00:10:46.064182,TRADE,6006.5,1
2024-11-08 00:10:48.858161,TRADE,6006.5,6
2024-11-08 00:10:51.448515,TRADE,6006.75,1
2024-11-08 00:10:53.197654,TRADE,6007.0,1
2024-11-08 00:10:53.198412,TRADE,6006.75,1
2024-11-08 00:10:53.199361,TRADE,6006.75,1
2024-11-08 00:10:53.199675,TRADE,6006.75,1
2024-11-08 00:10:53.560215,TRADE,6006.75,2
2024-11-08 00:10:54.547233,TRADE,6006.75,5
2024-11-08 00:10:54.547412,TRADE,6006.75,1
2024-11-08 00:10:54.927258,TRADE,6006.75,1
2024-11-08 00:10:55.143406,TRADE,6006.75,1
2024-11-08 00:10:57.916987,TRADE,6006.75,1
2024-11-08 00:10:57.917211,TRADE,6006.75,1
2024-11-08 00:11:02.914255,TRADE,6007.0,1
2024-11-08 00:11:05.248563,TRADE,6006.75,1
2024-11-08 00:11:05.390171,TRADE,6006.75,2
2024-11-08 00:11:05.390259,TRADE,6006.75,4
2024-11-08 00:11:11.103140,TRADE,6006.5,6
2024-11-08 00:11:12.781000,TRADE,6006.5,2
2024-11-08 00:11:12.781203,TRADE,6006.5,1
2024-11-08 00:11:12.781253,TRADE,6006.5,1
2024-11-08 00:11:15.209211,TRADE,6006.25,2
2024-11-08 00:11:15.209483,TRADE,6006.25,1
2024-11-08 00:11:16.858853,TRADE,6006.25,10
2024-11-08 00:11:17.134111,TRADE,6006.5,2
2024-11-08 00:11:17.353851,TRADE,6006.75,2
2024-11-08 00:11:17.354319,TRADE,6006.5,1
2024-11-08 00:11:17.354647,TRADE,6006.5,1
2024-11-08 00:11:20.628245,TRADE,6006.75,1
2024-11-08 00:11:20.628642,TRADE,6006.5,1
2024-11-08 00:11:20.880379,TRADE,6006.75,1
2024-11-08 00:11:25.406278,TRADE,6006.75,1
2024-11-08 00:11:41.403504,TRADE,6006.5,1
2024-11-08 00:11:54.656509,TRADE,6006.5,9
2024-11-08 00:11:54.885729,TRADE,6006.5,6
2024-11-08 00:11:54.886160,TRADE,6006.5,1
2024-11-08 00:11:55.853150,TRADE,6006.5,1
2024-11-08 00:11:55.934986,TRADE,6006.5,2
2024-11-08 00:11:56.264598,TRADE,6006.75,4
2024-11-08 00:11:59.294254,TRADE,6006.5,1
2024-11-08 00:12:01.985986,TRADE,6006.25,1
2024-11-08 00:12:02.612361,TRADE,6006.5,1
2024-11-08 00:12:09.347919,TRADE,6006.5,1
2024-11-08 00:12:16.784250,TRADE,6006.5,5
2024-11-08 00:12:16.863560,TRADE,6006.5,3
2024-11-08 00:12:17.403753,TRADE,6006.25,1
2024-11-08 00:12:19.234288,TRADE,6006.5,2
2024-11-08 00:12:22.222316,TRADE,6006.75,2
2024-11-08 00:12:24.002671,TRADE,6006.75,1
2024-11-08 00:12:34.122305,TRADE,6006.75,1
2024-11-08 00:12:42.162978,TRADE,6006.75,1
2024-11-08 00:12:51.863838,TRADE,6006.5,1
2024-11-08 00:12:53.403208,TRADE,6006.5,1
2024-11-08 00:12:56.772875,TRADE,6006.5,8
2024-11-08 00:12:57.867256,TRADE,6006.25,1
2024-11-08 00:13:00.161066,TRADE,6006.5,1
2024-11-08 00:13:00.161079,TRADE,6006.5,3
2024-11-08 00:13:00.326994,TRADE,6006.25,1
2024-11-08 00:13:03.857925,TRADE,6006.25,1
2024-11-08 00:13:03.969377,TRADE,6006.5,1
2024-11-08 00:13:14.705160,TRADE,6006.25,1
2024-11-08 00:13:14.705349,TRADE,6006.25,2
2024-11-08 00:13:14.705383,TRADE,6006.25,1
2024-11-08 00:13:14.705610,TRADE,6006.25,1
2024-11-08 00:13:14.705664,TRADE,6006.25,1
2024-11-08 00:13:14.705780,TRADE,6006.25,4
2024-11-08 00:13:16.999320,TRADE,6006.25,1
2024-11-08 00:13:17.047950,TRADE,6006.25,1
2024-11-08 00:13:20.547267,TRADE,6006.5,1
2024-11-08 00:13:21.363909,TRADE,6006.5,10
2024-11-08 00:13:27.870223,TRADE,6006.5,1
2024-11-08 00:13:27.877967,TRADE,6006.5,1
2024-11-08 00:13:27.878497,TRADE,6006.5,1
2024-11-08 00:13:28.874404,TRADE,6006.25,1
2024-11-08 00:13:29.103510,TRADE,6006.75,1
2024-11-08 00:13:29.403543,TRADE,6006.25,1
2024-11-08 00:13:36.864527,TRADE,6006.25,1
2024-11-08 00:13:37.063690,TRADE,6006.25,1
2024-11-08 00:13:40.320842,TRADE,6006.5,3
2024-11-08 00:13:44.588860,TRADE,6006.5,1
2024-11-08 00:13:54.808175,TRADE,6006.5,1
2024-11-08 00:13:59.882129,TRADE,6006.25,1
2024-11-08 00:13:59.882334,TRADE,6006.25,1
2024-11-08 00:14:00.320725,TRADE,6006.5,1
2024-11-08 00:14:11.464917,TRADE,6006.25,6
2024-11-08 00:14:12.967836,TRADE,6006.5,1
2024-11-08 00:14:15.034588,TRADE,6006.25,1
2024-11-08 00:14:16.837775,TRADE,6006.25,1
2024-11-08 00:14:17.289952,TRADE,6006.25,1
2024-11-08 00:14:20.684142,TRADE,6006.25,4
2024-11-08 00:14:20.684337,TRADE,6006.25,1
2024-11-08 00:14:20.684378,TRADE,6006.25,1
2024-11-08 00:14:22.711751,TRADE,6006.25,1
2024-11-08 00:14:23.332969,TRADE,6006.0,1
2024-11-08 00:14:23.332983,TRADE,6006.0,1
2024-11-08 00:14:23.332983,TRADE,6006.0,1
2024-11-08 00:14:23.332983,TRADE,6006.0,1
2024-11-08 00:14:26.607439,TRADE,6006.0,1
2024-11-08 00:14:30.349006,TRADE,6006.25,2
2024-11-08 00:14:30.349276,TRADE,6006.25,6
2024-11-08 00:14:34.841624,TRADE,6006.25,1
2024-11-08 00:14:35.055630,TRADE,6006.5,1
2024-11-08 00:14:35.055642,TRADE,6006.5,1
2024-11-08 00:14:35.252521,TRADE,6006.25,1
2024-11-08 00:14:36.786853,TRADE,6006.25,1
2024-11-08 00:14:40.128794,TRADE,6006.5,1
2024-11-08 00:14:49.290292,TRADE,6006.5,1
2024-11-08 00:14:50.228005,TRADE,6006.5,1
2024-11-08 00:14:52.470826,TRADE,6006.5,1
2024-11-08 00:14:53.551071,TRADE,6006.5,2
2024-11-08 00:14:53.551462,TRADE,6006.5,1
2024-11-08 00:14:53.551651,TRADE,6006.5,1
2024-11-08 00:14:53.553129,TRADE,6006.5,1
2024-11-08 00:14:54.553217,TRADE,6006.5,1
2024-11-08 00:14:54.570870,TRADE,6006.5,1
2024-11-08 00:14:55.135701,TRADE,6006.75,1
2024-11-08 00:14:56.034107,TRADE,6006.5,1
2024-11-08 00:15:01.190739,TRADE,6006.5,1
2024-11-08 00:15:02.963846,TRADE,6006.5,1
2024-11-08 00:15:03.019393,TRADE,6006.5,2
2024-11-08 00:15:05.108743,TRADE,6006.5,1
2024-11-08 00:15:05.109048,TRADE,6006.5,1
2024-11-08 00:15:16.989720,TRADE,6006.5,6
2024-11-08 00:15:25.612541,TRADE,6006.5,1
2024-11-08 00:15:26.635628,TRADE,6006.5,1
2024-11-08 00:15:29.084859,TRADE,6006.5,1
2024-11-08 00:15:29.085039,TRADE,6006.5,2
2024-11-08 00:15:30.857697,TRADE,6006.5,1
2024-11-08 00:15:30.857723,TRADE,6006.5,1
2024-11-08 00:15:30.858302,TRADE,6006.5,1
2024-11-08 00:15:30.859737,TRADE,6006.5,1
2024-11-08 00:15:33.283823,TRADE,6006.75,1
2024-11-08 00:15:36.252128,TRADE,6006.5,1
2024-11-08 00:15:37.037586,TRADE,6006.75,1
2024-11-08 00:15:39.712230,TRADE,6006.75,8
2024-11-08 00:15:41.398902,TRADE,6007.0,2
2024-11-08 00:15:41.399325,TRADE,6007.0,1
2024-11-08 00:15:41.399427,TRADE,6007.0,1
2024-11-08 00:15:43.772855,TRADE,6007.0,1
2024-11-08 00:15:44.232242,TRADE,6007.0,1
2024-11-08 00:15:47.119449,TRADE,6006.75,13
2024-11-08 00:15:48.306131,TRADE,6006.75,1
2024-11-08 00:15:48.307685,TRADE,6006.75,1
2024-11-08 00:15:48.308066,TRADE,6006.75,2
2024-11-08 00:15:59.324399,TRADE,6007.0,5
2024-11-08 00:15:59.324412,TRADE,6007.25,1
2024-11-08 00:16:01.856499,TRADE,6007.25,5
2024-11-08 00:16:01.856664,TRADE,6007.25,1
2024-11-08 00:16:01.856792,TRADE,6007.25,1
2024-11-08 00:16:06.530464,TRADE,6007.0,1
2024-11-08 00:16:06.666233,TRADE,6007.0,1
2024-11-08 00:16:06.978675,TRADE,6007.0,1
2024-11-08 00:16:06.978895,TRADE,6007.0,1
2024-11-08 00:16:06.978983,TRADE,6007.0,3
2024-11-08 00:16:07.396211,TRADE,6007.0,1
2024-11-08 00:16:16.476024,TRADE,6007.0,1
2024-11-08 00:16:17.187472,TRADE,6007.0,1
2024-11-08 00:16:18.383047,TRADE,6007.0,1
2024-11-08 00:16:18.383061,TRADE,6007.0,1
2024-11-08 00:16:18.383213,TRADE,6007.0,1
2024-11-08 00:16:18.383407,TRADE,6007.0,2
2024-11-08 00:16:21.694143,TRADE,6007.0,1
2024-11-08 00:16:22.257258,TRADE,6006.75,2
2024-11-08 00:16:23.115722,TRADE,6007.0,1
2024-11-08 00:16:25.018256,TRADE,6006.75,1
2024-11-08 00:16:26.699066,TRADE,6006.75,1
2024-11-08 00:16:26.699202,TRADE,6006.75,16
2024-11-08 00:16:27.243356,TRADE,6006.75,4
2024-11-08 00:16:32.240107,TRADE,6007.0,1
2024-11-08 00:16:32.240266,TRADE,6007.0,1
2024-11-08 00:16:32.240357,TRADE,6007.0,1
2024-11-08 00:16:32.240561,TRADE,6007.0,2
2024-11-08 00:16:32.366051,TRADE,6007.0,1
2024-11-08 00:16:35.621033,TRADE,6007.0,1
2024-11-08 00:16:35.621267,TRADE,6007.0,1
2024-11-08 00:16:38.846151,TRADE,6006.75,1
2024-11-08 00:16:45.971150,TRADE,6007.0,1
2024-11-08 00:16:46.444744,TRADE,6007.0,1
2024-11-08 00:16:47.403660,TRADE,6006.75,1
2024-11-08 00:16:56.417556,TRADE,6007.0,1
2024-11-08 00:17:01.315021,TRADE,6006.75,1
2024-11-08 00:17:01.316594,TRADE,6006.75,2
2024-11-08 00:17:05.923847,TRADE,6006.75,1
2024-11-08 00:17:10.402673,TRADE,6007.0,1
2024-11-08 00:17:14.578652,TRADE,6007.0,1
2024-11-08 00:17:23.402925,TRADE,6006.75,1
2024-11-08 00:17:28.139019,TRADE,6006.75,1
2024-11-08 00:17:28.814730,TRADE,6007.0,14
2024-11-08 00:17:28.815402,TRADE,6007.0,1
2024-11-08 00:17:28.819449,TRADE,6007.25,1
2024-11-08 00:17:30.488364,TRADE,6007.25,1
2024-11-08 00:17:30.488607,TRADE,6007.25,1
2024-11-08 00:17:30.488822,TRADE,6007.25,1
2024-11-08 00:17:39.882529,TRADE,6007.25,6
2024-11-08 00:17:40.023695,TRADE,6007.25,1
2024-11-08 00:17:40.023899,TRADE,6007.25,1
2024-11-08 00:17:40.024137,TRADE,6007.25,1
2024-11-08 00:17:44.060390,TRADE,6007.25,1
2024-11-08 00:17:44.060960,TRADE,6007.25,1
2024-11-08 00:17:48.580160,TRADE,6007.25,1
2024-11-08 00:17:48.580465,TRADE,6007.25,1
2024-11-08 00:17:49.650754,TRADE,6007.5,2
2024-11-08 00:17:49.650767,TRADE,6007.5,1
2024-11-08 00:17:50.900136,TRADE,6007.5,1
2024-11-08 00:17:53.970196,TRADE,6007.5,1
2024-11-08 00:17:54.550190,TRADE,6007.5,1
2024-11-08 00:18:04.988823,TRADE,6007.5,1
2024-11-08 00:18:13.133683,TRADE,6007.5,1
2024-11-08 00:18:13.650482,TRADE,6007.5,1
2024-11-08 00:18:13.650679,TRADE,6007.5,1
2024-11-08 00:18:14.176870,TRADE,6007.5,4
2024-11-08 00:18:15.511278,TRADE,6007.5,1
2024-11-08 00:18:15.511363,TRADE,6007.5,6
2024-11-08 00:18:15.511547,TRADE,6007.5,1
2024-11-08 00:18:18.156929,TRADE,6007.25,1
2024-11-08 00:18:18.156941,TRADE,6007.25,1
2024-11-08 00:18:18.158429,TRADE,6007.25,1
2024-11-08 00:18:27.222446,TRADE,6007.5,1
2024-11-08 00:18:27.223691,TRADE,6007.5,1
2024-11-08 00:18:32.353591,TRADE,6007.5,2
2024-11-08 00:18:32.521858,TRADE,6007.5,2
2024-11-08 00:18:36.179089,TRADE,6007.5,1
2024-11-08 00:18:36.179292,TRADE,6007.5,4
2024-11-08 00:18:45.383870,TRADE,6007.75,1
2024-11-08 00:18:45.383883,TRADE,6007.75,1
2024-11-08 00:18:45.383883,TRADE,6007.75,1
2024-11-08 00:18:47.665059,TRADE,6007.75,1
2024-11-08 00:18:48.643180,TRADE,6007.5,2
2024-11-08 00:18:48.664743,TRADE,6007.5,3
2024-11-08 00:18:48.665220,TRADE,6007.5,1
2024-11-08 00:18:48.665879,TRADE,6007.5,1
2024-11-08 00:18:48.665879,TRADE,6007.5,3
2024-11-08 00:18:48.667193,TRADE,6007.5,1
2024-11-08 00:18:51.805569,TRADE,6007.5,2
2024-11-08 00:18:55.436191,TRADE,6007.5,1
2024-11-08 00:18:55.436373,TRADE,6007.5,1
2024-11-08 00:18:55.436439,TRADE,6007.5,3
2024-11-08 00:18:55.436795,TRADE,6007.5,1
2024-11-08 00:18:56.268763,TRADE,6007.5,3
2024-11-08 00:19:02.641928,TRADE,6007.75,2
2024-11-08 00:19:03.711481,TRADE,6007.5,1
2024-11-08 00:19:03.711695,TRADE,6007.5,4
2024-11-08 00:19:03.711765,TRADE,6007.5,1
2024-11-08 00:19:03.711904,TRADE,6007.5,1
2024-11-08 00:19:03.711965,TRADE,6007.5,1
2024-11-08 00:19:03.713954,TRADE,6007.5,2
2024-11-08 00:19:06.255826,TRADE,6007.25,3
2024-11-08 00:19:08.007496,TRADE,6007.25,2
2024-11-08 00:19:09.799741,TRADE,6007.25,1
2024-11-08 00:19:12.813114,TRADE,6007.25,1
2024-11-08 00:19:14.492718,TRADE,6007.25,1
2024-11-08 00:19:14.492900,TRADE,6007.25,2
2024-11-08 00:19:16.328303,TRADE,6007.25,1
2024-11-08 00:19:16.329587,TRADE,6007.25,1
2024-11-08 00:19:20.928213,TRADE,6007.0,1
2024-11-08 00:19:36.935458,TRADE,6007.0,18
2024-11-08 00:19:36.960866,TRADE,6006.75,5
2024-11-08 00:19:36.961064,TRADE,6006.75,1
2024-11-08 00:19:36.961064,TRADE,6006.75,2
2024-11-08 00:19:37.003192,TRADE,6006.75,3
2024-11-08 00:19:38.619516,TRADE,6006.75,3
2024-11-08 00:19:38.619516,TRADE,6006.5,7
2024-11-08 00:19:38.619934,TRADE,6006.75,1
2024-11-08 00:19:40.186097,TRADE,6006.5,4
2024-11-08 00:19:40.959459,TRADE,6006.5,1
2024-11-08 00:19:43.485233,TRADE,6006.5,3
2024-11-08 00:19:47.403212,TRADE,6006.5,1
2024-11-08 00:19:49.656072,TRADE,6006.75,10
2024-11-08 00:19:49.681408,TRADE,6006.75,3
2024-11-08 00:19:49.681628,TRADE,6006.75,6
2024-11-08 00:19:49.802426,TRADE,6006.5,10
2024-11-08 00:19:49.802588,TRADE,6006.5,1
2024-11-08 00:19:49.804634,TRADE,6006.5,2
2024-11-08 00:19:49.806808,TRADE,6006.5,1
2024-11-08 00:19:50.101559,TRADE,6006.75,1
2024-11-08 00:19:52.510305,TRADE,6006.5,5
2024-11-08 00:19:54.748323,TRADE,6006.75,6
2024-11-08 00:19:58.691820,TRADE,6007.0,5
2024-11-08 00:19:58.740878,TRADE,6006.75,2
2024-11-08 00:20:03.575960,TRADE,6007.0,8
2024-11-08 00:20:03.626142,TRADE,6007.0,2
2024-11-08 00:20:03.626385,TRADE,6007.0,7
2024-11-08 00:20:07.184950,TRADE,6007.0,4
2024-11-08 00:20:08.291798,TRADE,6007.0,1
2024-11-08 00:20:08.292115,TRADE,6007.0,1
2024-11-08 00:20:11.389839,TRADE,6006.75,1
2024-11-08 00:20:11.390017,TRADE,6006.75,1
2024-11-08 00:20:11.390076,TRADE,6006.75,2
2024-11-08 00:20:13.608535,TRADE,6006.75,3
2024-11-08 00:20:16.337336,TRADE,6006.75,1
2024-11-08 00:20:16.337490,TRADE,6006.75,2
2024-11-08 00:20:16.337520,TRADE,6006.75,1
2024-11-08 00:20:22.766130,TRADE,6006.75,2
2024-11-08 00:20:22.766372,TRADE,6006.75,1
2024-11-08 00:20:25.074382,TRADE,6006.75,1
2024-11-08 00:20:25.074553,TRADE,6006.75,1
2024-11-08 00:20:25.074775,TRADE,6006.75,3
2024-11-08 00:20:25.074947,TRADE,6006.75,1
2024-11-08 00:20:25.075001,TRADE,6006.75,1
2024-11-08 00:20:25.078519,TRADE,6007.0,4
2024-11-08 00:20:30.277647,TRADE,6007.0,6
2024-11-08 00:20:33.935353,TRADE,6007.0,1
2024-11-08 00:20:34.349388,TRADE,6007.25,1
2024-11-08 00:20:37.872913,TRADE,6007.0,1
2024-11-08 00:20:37.873725,TRADE,6007.0,2
2024-11-08 00:20:37.874228,TRADE,6007.0,1
2024-11-08 00:20:43.225292,TRADE,6007.0,1
2024-11-08 00:20:49.293291,TRADE,6007.0,1
2024-11-08 00:20:56.668374,TRADE,6006.75,1
2024-11-08 00:20:56.668551,TRADE,6006.75,1
2024-11-08 00:20:56.668654,TRADE,6006.75,4
2024-11-08 00:20:56.669239,TRADE,6006.75,1
2024-11-08 00:20:56.669439,TRADE,6006.75,1
2024-11-08 00:20:57.065662,TRADE,6007.0,1
2024-11-08 00:20:57.065964,TRADE,6007.0,4
2024-11-08 00:20:57.066005,TRADE,6007.0,1
2024-11-08 00:20:57.066099,TRADE,6007.0,1
2024-11-08 00:20:59.205797,TRADE,6007.25,2
2024-11-08 00:20:59.298268,TRADE,6007.0,1
2024-11-08 00:21:01.986209,TRADE,6007.0,2
2024-11-08 00:21:01.986387,TRADE,6007.0,1
2024-11-08 00:21:02.644670,TRADE,6007.0,1
2024-11-08 00:21:15.931886,TRADE,6007.0,1
2024-11-08 00:21:16.107969,TRADE,6007.0,1
2024-11-08 00:21:16.108017,TRADE,6007.0,4
2024-11-08 00:21:16.319286,TRADE,6007.0,6
2024-11-08 00:21:30.552559,TRADE,6007.0,1
2024-11-08 00:21:32.628645,TRADE,6007.0,4
2024-11-08 00:21:32.628645,TRADE,6006.75,16
2024-11-08 00:21:35.121633,TRADE,6006.75,1
2024-11-08 00:21:37.252933,TRADE,6007.0,2
2024-11-08 00:21:38.337103,TRADE,6007.0,1
2024-11-08 00:21:38.337330,TRADE,6007.0,1
2024-11-08 00:21:39.253280,TRADE,6007.0,1
2024-11-08 00:21:39.253356,TRADE,6007.0,4
2024-11-08 00:21:39.462722,TRADE,6007.0,1
2024-11-08 00:21:39.463046,TRADE,6007.0,2
2024-11-08 00:21:41.981352,TRADE,6006.75,13
2024-11-08 00:21:44.248567,TRADE,6006.5,1
2024-11-08 00:21:44.248579,TRADE,6006.5,2
2024-11-08 00:21:44.248832,TRADE,6006.5,2
2024-11-08 00:21:53.961692,TRADE,6006.25,1
2024-11-08 00:21:53.961705,TRADE,6006.25,1
2024-11-08 00:21:53.961880,TRADE,6006.25,3
2024-11-08 00:21:53.961941,TRADE,6006.25,3
2024-11-08 00:21:53.980372,TRADE,6006.5,1
2024-11-08 00:22:00.343202,TRADE,6006.25,1
2024-11-08 00:22:03.532212,TRADE,6006.0,27
2024-11-08 00:22:03.533678,TRADE,6005.75,4
2024-11-08 00:22:03.533690,TRADE,6005.75,2
2024-11-08 00:22:03.533690,TRADE,6005.75,1
2024-11-08 00:22:03.534071,TRADE,6005.75,1
2024-11-08 00:22:03.534164,TRADE,6005.75,1
2024-11-08 00:22:03.534164,TRADE,6005.75,1
2024-11-08 00:22:03.534164,TRADE,6005.75,1
2024-11-08 00:22:03.535194,TRADE,6005.75,1
2024-11-08 00:22:03.535388,TRADE,6005.75,2
2024-11-08 00:22:03.537205,TRADE,6005.75,1
2024-11-08 00:22:03.873748,TRADE,6005.75,1
2024-11-08 00:22:12.600828,TRADE,6005.5,1
2024-11-08 00:22:12.600844,TRADE,6005.5,2
2024-11-08 00:22:12.602094,TRADE,6005.5,12
2024-11-08 00:22:12.739523,TRADE,6005.5,1
2024-11-08 00:22:12.739769,TRADE,6005.5,4
2024-11-08 00:22:12.739832,TRADE,6005.5,1
2024-11-08 00:22:12.758515,TRADE,6005.5,1
2024-11-08 00:22:13.768103,TRADE,6005.5,1
2024-11-08 00:22:14.647570,TRADE,6005.25,1
2024-11-08 00:22:14.647582,TRADE,6005.25,1
2024-11-08 00:22:14.647582,TRADE,6005.25,2
2024-11-08 00:22:15.195629,TRADE,6005.25,6
2024-11-08 00:22:15.195818,TRADE,6005.25,1
2024-11-08 00:22:15.772193,TRADE,6005.25,1
2024-11-08 00:22:17.945417,TRADE,6005.25,1
2024-11-08 00:22:19.015004,TRADE,6005.25,1
2024-11-08 00:22:20.240331,TRADE,6005.5,1
2024-11-08 00:22:21.131469,TRADE,6005.5,7
2024-11-08 00:22:28.381505,TRADE,6005.5,7
2024-11-08 00:22:28.381505,TRADE,6005.25,2
2024-11-08 00:22:30.328621,TRADE,6005.5,1
2024-11-08 00:22:30.328870,TRADE,6005.5,3
2024-11-08 00:22:32.270802,TRADE,6005.75,2
2024-11-08 00:22:32.814556,TRADE,6005.5,1
2024-11-08 00:22:33.170333,TRADE,6005.5,2
2024-11-08 00:22:37.949696,TRADE,6005.5,1
2024-11-08 00:22:38.938852,TRADE,6005.75,1
2024-11-08 00:22:40.931609,TRADE,6005.75,1
2024-11-08 00:22:41.032871,TRADE,6005.75,1
2024-11-08 00:22:49.199831,TRADE,6005.5,8
2024-11-08 00:22:49.200164,TRADE,6005.5,1
2024-11-08 00:22:54.647614,TRADE,6005.5,1
2024-11-08 00:22:55.794475,TRADE,6005.5,2
2024-11-08 00:23:00.524216,TRADE,6005.5,1
2024-11-08 00:23:00.524405,TRADE,6005.5,2
2024-11-08 00:23:00.723031,TRADE,6005.5,1
2024-11-08 00:23:09.003238,TRADE,6005.5,3
2024-11-08 00:23:09.003464,TRADE,6005.5,1
2024-11-08 00:23:11.901264,TRADE,6005.5,1
2024-11-08 00:23:15.751468,TRADE,6005.75,1
2024-11-08 00:23:15.751497,TRADE,6005.75,1
2024-11-08 00:23:15.751635,TRADE,6005.75,1
2024-11-08 00:23:15.752199,TRADE,6005.75,2
2024-11-08 00:23:26.628560,TRADE,6006.0,1
2024-11-08 00:23:26.628573,TRADE,6006.0,1
2024-11-08 00:23:27.641068,TRADE,6006.0,1
2024-11-08 00:23:35.279555,TRADE,6006.0,1
2024-11-08 00:23:35.568434,TRADE,6006.0,5
2024-11-08 00:23:37.998044,TRADE,6006.25,2
2024-11-08 00:23:38.618484,TRADE,6006.25,2
2024-11-08 00:23:39.464790,TRADE,6006.25,1
2024-11-08 00:23:39.466621,TRADE,6006.25,1
2024-11-08 00:23:50.610821,TRADE,6006.25,2
2024-11-08 00:23:52.583635,TRADE,6006.25,2
2024-11-08 00:23:54.120640,TRADE,6006.25,1
2024-11-08 00:23:54.711024,TRADE,6006.25,1
2024-11-08 00:24:01.485903,TRADE,6006.0,1
2024-11-08 00:24:09.287141,TRADE,6006.0,1
2024-11-08 00:24:12.281814,TRADE,6006.25,1
2024-11-08 00:24:12.438409,TRADE,6006.0,1
2024-11-08 00:24:15.286048,TRADE,6006.25,1
2024-11-08 00:24:19.014557,TRADE,6006.0,1
2024-11-08 00:24:21.400748,TRADE,6006.0,1
2024-11-08 00:24:21.400939,TRADE,6006.0,1
2024-11-08 00:24:21.540741,TRADE,6006.0,1
2024-11-08 00:24:21.540919,TRADE,6006.0,1
2024-11-08 00:24:21.540955,TRADE,6006.0,1
2024-11-08 00:24:24.364860,TRADE,6006.0,1
2024-11-08 00:24:25.785876,TRADE,6006.0,1
2024-11-08 00:24:25.785902,TRADE,6006.0,1
2024-11-08 00:24:25.786248,TRADE,6006.0,1
2024-11-08 00:24:25.786444,TRADE,6006.0,1
2024-11-08 00:24:36.319922,TRADE,6005.75,1
2024-11-08 00:24:36.319933,TRADE,6005.75,1
2024-11-08 00:24:36.320119,TRADE,6005.75,2
2024-11-08 00:24:36.320401,TRADE,6005.75,4
2024-11-08 00:24:36.321691,TRADE,6005.75,1
2024-11-08 00:24:37.338290,TRADE,6005.75,1
2024-11-08 00:24:40.084702,TRADE,6005.75,1
2024-11-08 00:24:42.255050,TRADE,6005.75,1
2024-11-08 00:24:42.422440,TRADE,6005.75,1
2024-11-08 00:24:49.284187,TRADE,6005.75,1
2024-11-08 00:24:51.028425,TRADE,6005.5,1
2024-11-08 00:24:51.865060,TRADE,6005.75,2
2024-11-08 00:24:53.402786,TRADE,6005.5,1
2024-11-08 00:24:57.552137,TRADE,6005.5,8
2024-11-08 00:24:58.644062,TRADE,6005.5,2
2024-11-08 00:24:58.644295,TRADE,6005.5,2
2024-11-08 00:25:01.253716,TRADE,6005.75,2
2024-11-08 00:25:01.253939,TRADE,6005.75,1
2024-11-08 00:25:01.254154,TRADE,6005.75,2
2024-11-08 00:25:01.254347,TRADE,6005.75,2
2024-11-08 00:25:01.254385,TRADE,6005.75,4
2024-11-08 00:25:01.524174,TRADE,6005.75,2
2024-11-08 00:25:01.524396,TRADE,6005.75,1
2024-11-08 00:25:01.549342,TRADE,6005.5,2
2024-11-08 00:25:04.314927,TRADE,6005.75,1
2024-11-08 00:25:04.317237,TRADE,6005.75,1
2024-11-08 00:25:04.317276,TRADE,6005.75,1
2024-11-08 00:25:04.317324,TRADE,6005.75,2
2024-11-08 00:25:06.019742,TRADE,6006.0,7
2024-11-08 00:25:08.625571,TRADE,6006.0,8
2024-11-08 00:25:10.969871,TRADE,6005.75,2
2024-11-08 00:25:10.970032,TRADE,6005.75,1
2024-11-08 00:25:10.970061,TRADE,6005.75,4
2024-11-08 00:25:10.970105,TRADE,6005.75,1
2024-11-08 00:25:10.970151,TRADE,6005.75,1
2024-11-08 00:25:16.264259,TRADE,6005.75,1
2024-11-08 00:25:24.065436,TRADE,6005.5,2
2024-11-08 00:25:39.166073,TRADE,6005.75,1
2024-11-08 00:25:39.166271,TRADE,6005.75,2
2024-11-08 00:25:39.200056,TRADE,6005.75,1
2024-11-08 00:25:41.023512,TRADE,6005.75,1
2024-11-08 00:25:42.323302,TRADE,6005.75,1
2024-11-08 00:25:42.326040,TRADE,6005.75,1
2024-11-08 00:25:42.326205,TRADE,6005.75,1
2024-11-08 00:25:43.086572,TRADE,6006.0,1
2024-11-08 00:25:43.211778,TRADE,6005.75,4
2024-11-08 00:25:46.051702,TRADE,6005.75,1
2024-11-08 00:25:46.051879,TRADE,6005.75,1
2024-11-08 00:25:46.290773,TRADE,6005.75,1
2024-11-08 00:25:52.250255,TRADE,6005.75,3
2024-11-08 00:25:54.094968,TRADE,6005.75,1
2024-11-08 00:25:58.811235,TRADE,6005.75,1
2024-11-08 00:25:58.811446,TRADE,6005.75,1
2024-11-08 00:25:58.811656,TRADE,6005.75,1
2024-11-08 00:26:00.336560,TRADE,6006.0,2
2024-11-08 00:26:01.056714,TRADE,6006.0,1
2024-11-08 00:26:01.060329,TRADE,6005.75,1
2024-11-08 00:26:01.060533,TRADE,6005.75,1
2024-11-08 00:26:03.000706,TRADE,6005.75,1
2024-11-08 00:26:05.403499,TRADE,6005.5,1
2024-11-08 00:26:08.808409,TRADE,6005.75,1
2024-11-08 00:26:13.939004,TRADE,6005.75,1
2024-11-08 00:26:13.939238,TRADE,6005.75,5
2024-11-08 00:26:13.939748,TRADE,6005.75,1
2024-11-08 00:26:13.939786,TRADE,6005.75,1
2024-11-08 00:26:19.876203,TRADE,6005.75,2
2024-11-08 00:26:30.935202,TRADE,6006.0,1
2024-11-08 00:26:30.935369,TRADE,6006.0,1
2024-11-08 00:26:30.947720,TRADE,6005.75,1
2024-11-08 00:26:37.414349,TRADE,6006.0,2
2024-11-08 00:26:37.414875,TRADE,6006.0,1
2024-11-08 00:26:37.569274,TRADE,6006.25,1
2024-11-08 00:26:37.569286,TRADE,6006.25,1
2024-11-08 00:26:37.908124,TRADE,6006.25,13
2024-11-08 00:26:38.593680,TRADE,6006.25,1
2024-11-08 00:26:41.001938,TRADE,6006.0,2
2024-11-08 00:26:47.133907,TRADE,6006.0,11
2024-11-08 00:26:48.282759,TRADE,6005.75,1
2024-11-08 00:26:48.282980,TRADE,6005.75,3
2024-11-08 00:26:48.283011,TRADE,6005.75,1
2024-11-08 00:26:52.907743,TRADE,6005.75,1
2024-11-08 00:26:52.907768,TRADE,6005.75,1
2024-11-08 00:26:52.907962,TRADE,6005.75,3
2024-11-08 00:26:52.908053,TRADE,6005.75,3
2024-11-08 00:26:55.056144,TRADE,6005.5,1
2024-11-08 00:26:55.730216,TRADE,6005.75,1
2024-11-08 00:27:02.112231,TRADE,6005.5,3
2024-11-08 00:27:03.170212,TRADE,6005.75,13
2024-11-08 00:27:03.170722,TRADE,6005.75,1
2024-11-08 00:27:05.981877,TRADE,6005.75,12
2024-11-08 00:27:08.301073,TRADE,6005.75,5
2024-11-08 00:27:08.301573,TRADE,6005.75,1
2024-11-08 00:27:13.891613,TRADE,6006.0,1
2024-11-08 00:27:14.004614,TRADE,6006.0,2
2024-11-08 00:27:14.004614,TRADE,6006.25,1
2024-11-08 00:27:14.005034,TRADE,6006.0,1
2024-11-08 00:27:14.005248,TRADE,6006.0,1
2024-11-08 00:27:19.915037,TRADE,6006.25,1
2024-11-08 00:27:21.917631,TRADE,6006.0,1
2024-11-08 00:27:30.514877,TRADE,6006.0,1
2024-11-08 00:27:41.208059,TRADE,6005.75,9
2024-11-08 00:27:41.208059,TRADE,6005.5,1
2024-11-08 00:27:41.208626,TRADE,6005.75,1
2024-11-08 00:27:41.208674,TRADE,6005.75,1
2024-11-08 00:27:49.911859,TRADE,6006.0,3
2024-11-08 00:27:49.911894,TRADE,6006.0,2
2024-11-08 00:27:49.912439,TRADE,6006.0,1
2024-11-08 00:27:53.403453,TRADE,6005.75,1
2024-11-08 00:27:54.266820,TRADE,6006.0,1
2024-11-08 00:28:07.139978,TRADE,6005.75,1
2024-11-08 00:28:07.140151,TRADE,6005.75,1
2024-11-08 00:28:11.844113,TRADE,6005.75,1
2024-11-08 00:28:26.535554,TRADE,6005.75,1
2024-11-08 00:28:28.077808,TRADE,6005.5,1
2024-11-08 00:28:28.975684,TRADE,6005.5,2
2024-11-08 00:28:28.976025,TRADE,6005.5,9
2024-11-08 00:28:29.274097,TRADE,6005.5,1
2024-11-08 00:28:29.274439,TRADE,6005.5,1
2024-11-08 00:28:29.403728,TRADE,6005.5,1
2024-11-08 00:28:41.701866,TRADE,6005.75,1
2024-11-08 00:28:42.974659,TRADE,6005.75,1
2024-11-08 00:28:59.084005,TRADE,6005.5,1
2024-11-08 00:28:59.770946,TRADE,6005.5,4
2024-11-08 00:28:59.771202,TRADE,6005.5,1
2024-11-08 00:29:05.402990,TRADE,6005.5,1
2024-11-08 00:29:08.169991,TRADE,6005.5,1
2024-11-08 00:29:22.902975,TRADE,6005.5,1
2024-11-08 00:29:22.904915,TRADE,6005.5,2
2024-11-08 00:29:24.612264,TRADE,6005.5,4
2024-11-08 00:29:24.612506,TRADE,6005.5,7
2024-11-08 00:29:24.855441,TRADE,6005.5,1
2024-11-08 00:29:30.091305,TRADE,6005.25,1
2024-11-08 00:29:30.091319,TRADE,6005.25,1
2024-11-08 00:29:32.368887,TRADE,6005.5,1
2024-11-08 00:29:39.179325,TRADE,6005.5,1
2024-11-08 00:29:39.378511,TRADE,6005.5,1
2024-11-08 00:29:41.403596,TRADE,6005.25,1
2024-11-08 00:29:43.125706,TRADE,6005.25,1
2024-11-08 00:29:43.125745,TRADE,6005.25,1
2024-11-08 00:29:43.125868,TRADE,6005.25,1
2024-11-08 00:29:43.125928,TRADE,6005.25,4
2024-11-08 00:29:43.126009,TRADE,6005.25,7
2024-11-08 00:29:43.126389,TRADE,6005.25,2
2024-11-08 00:29:43.126611,TRADE,6005.25,1
2024-11-08 00:29:43.168922,TRADE,6005.25,1
2024-11-08 00:29:45.311041,TRADE,6005.25,1
2024-11-08 00:29:52.123337,TRADE,6005.5,1
2024-11-08 00:29:52.124365,TRADE,6005.25,2
2024-11-08 00:29:57.340348,TRADE,6005.5,1
2024-11-08 00:29:58.005555,TRADE,6005.25,1
2024-11-08 00:29:59.403715,TRADE,6005.25,1
2024-11-08 00:29:59.920316,TRADE,6005.5,1
2024-11-08 00:30:01.098367,TRADE,6005.25,1
2024-11-08 00:30:08.190203,TRADE,6005.5,1
2024-11-08 00:30:08.190468,TRADE,6005.5,4
2024-11-08 00:30:08.190554,TRADE,6005.5,1
2024-11-08 00:30:08.190554,TRADE,6005.5,1
2024-11-08 00:30:08.190605,TRADE,6005.5,1
2024-11-08 00:30:08.191149,TRADE,6005.5,1
2024-11-08 00:30:20.712473,TRADE,6005.25,5
2024-11-08 00:30:26.949550,TRADE,6005.5,2
2024-11-08 00:30:26.949761,TRADE,6005.5,4
2024-11-08 00:30:26.949809,TRADE,6005.5,1
2024-11-08 00:30:29.940748,TRADE,6005.75,1
2024-11-08 00:30:29.940970,TRADE,6005.75,2
2024-11-08 00:30:29.941197,TRADE,6005.75,2
2024-11-08 00:30:50.246455,TRADE,6005.75,1
2024-11-08 00:30:56.332023,TRADE,6005.5,5
2024-11-08 00:30:56.332193,TRADE,6005.5,1
2024-11-08 00:30:56.333771,TRADE,6005.5,2
2024-11-08 00:31:00.206987,TRADE,6005.75,1
2024-11-08 00:31:01.947193,TRADE,6005.5,4
2024-11-08 00:31:01.947717,TRADE,6005.5,1
2024-11-08 00:31:14.268590,TRADE,6005.5,2
2024-11-08 00:31:14.268878,TRADE,6005.5,1
2024-11-08 00:31:14.269384,TRADE,6005.5,1
2024-11-08 00:31:20.177632,TRADE,6005.5,1
2024-11-08 00:31:31.230513,TRADE,6005.25,1
2024-11-08 00:31:31.240040,TRADE,6005.25,1
2024-11-08 00:31:31.240223,TRADE,6005.25,2
2024-11-08 00:31:31.260497,TRADE,6005.0,1
2024-11-08 00:31:31.665616,TRADE,6005.0,1
2024-11-08 00:31:31.666021,TRADE,6005.0,20
2024-11-08 00:31:31.679005,TRADE,6005.0,2
2024-11-08 00:31:33.248863,TRADE,6005.25,3
2024-11-08 00:31:34.610997,TRADE,6005.0,1
2024-11-08 00:31:38.759846,TRADE,6005.25,1
2024-11-08 00:31:38.760024,TRADE,6005.25,1
2024-11-08 00:31:40.997022,TRADE,6005.25,1
2024-11-08 00:31:41.231631,TRADE,6005.25,1
2024-11-08 00:31:41.970698,TRADE,6005.0,2
2024-11-08 00:31:43.293979,TRADE,6005.25,1
2024-11-08 00:31:51.567616,TRADE,6005.25,1
2024-11-08 00:31:51.567868,TRADE,6005.25,1
2024-11-08 00:31:53.392435,TRADE,6005.0,1
2024-11-08 00:31:54.404359,TRADE,6005.0,1
2024-11-08 00:32:05.126292,TRADE,6005.0,1
2024-11-08 00:32:08.344026,TRADE,6005.0,2
2024-11-08 00:32:08.344264,TRADE,6005.0,1
2024-11-08 00:32:08.344288,TRADE,6005.0,1
2024-11-08 00:32:08.344416,TRADE,6005.0,1
2024-11-08 00:32:08.344603,TRADE,6005.0,1
2024-11-08 00:32:08.344768,TRADE,6005.0,1
2024-11-08 00:32:08.351527,TRADE,6005.0,9
2024-11-08 00:32:08.452667,TRADE,6004.75,11
2024-11-08 00:32:08.452680,TRADE,6004.75,1
2024-11-08 00:32:08.452680,TRADE,6004.75,5
2024-11-08 00:32:08.452865,TRADE,6004.75,1
2024-11-08 00:32:08.452911,TRADE,6004.75,1
2024-11-08 00:32:08.452937,TRADE,6004.75,1
2024-11-08 00:32:08.452997,TRADE,6004.75,1
2024-11-08 00:32:11.144935,TRADE,6004.75,1
2024-11-08 00:32:11.402473,TRADE,6004.75,1
2024-11-08 00:32:14.024637,TRADE,6004.75,1
2024-11-08 00:32:19.350958,TRADE,6004.75,6
2024-11-08 00:32:19.351590,TRADE,6004.5,6
2024-11-08 00:32:19.351605,TRADE,6004.5,1
2024-11-08 00:32:19.351906,TRADE,6004.5,1
2024-11-08 00:32:19.351985,TRADE,6004.5,1
2024-11-08 00:32:19.351985,TRADE,6004.5,1
2024-11-08 00:32:19.491048,TRADE,6004.75,1
2024-11-08 00:32:19.685922,TRADE,6004.5,1
2024-11-08 00:32:23.017946,TRADE,6004.5,1
2024-11-08 00:32:23.261462,TRADE,6004.5,1
2024-11-08 00:32:23.528223,TRADE,6004.5,1
2024-11-08 00:32:24.544298,TRADE,6004.5,2
2024-11-08 00:32:25.279353,TRADE,6004.5,1
2024-11-08 00:32:25.985493,TRADE,6004.5,4
2024-11-08 00:32:25.985493,TRADE,6004.25,1
2024-11-08 00:32:25.985508,TRADE,6004.25,1
2024-11-08 00:32:25.985508,TRADE,6004.25,1
2024-11-08 00:32:25.985508,TRADE,6004.25,1
2024-11-08 00:32:25.985508,TRADE,6004.25,1
2024-11-08 00:32:25.986270,TRADE,6004.5,1
2024-11-08 00:32:25.986343,TRADE,6004.5,2
2024-11-08 00:32:25.986862,TRADE,6004.5,1
2024-11-08 00:32:28.439271,TRADE,6004.75,16
2024-11-08 00:32:28.499060,TRADE,6004.75,1
2024-11-08 00:32:28.929681,TRADE,6004.75,9
2024-11-08 00:32:38.518380,TRADE,6004.75,3
2024-11-08 00:32:38.518415,TRADE,6004.75,1
2024-11-08 00:32:39.026122,TRADE,6004.75,1
2024-11-08 00:32:40.422118,TRADE,6005.0,1
2024-11-08 00:32:54.240776,TRADE,6005.0,1
2024-11-08 00:32:57.095776,TRADE,6004.75,1
2024-11-08 00:33:00.300749,TRADE,6005.0,1
2024-11-08 00:33:04.202014,TRADE,6005.0,10
2024-11-08 00:33:04.227631,TRADE,6004.75,5
2024-11-08 00:33:04.818139,TRADE,6005.0,1
2024-11-08 00:33:05.323079,TRADE,6005.0,2
2024-11-08 00:33:05.551602,TRADE,6005.0,1
2024-11-08 00:33:06.589810,TRADE,6004.75,10
2024-11-08 00:33:06.590002,TRADE,6004.75,1
2024-11-08 00:33:09.460615,TRADE,6005.0,1
2024-11-08 00:33:09.632271,TRADE,6004.75,3
2024-11-08 00:33:16.282656,TRADE,6004.75,1
2024-11-08 00:33:19.208579,TRADE,6004.75,3
2024-11-08 00:33:19.208790,TRADE,6004.75,1
2024-11-08 00:33:19.208995,TRADE,6004.75,1
2024-11-08 00:33:20.110542,TRADE,6005.0,1
2024-11-08 00:33:34.106420,TRADE,6004.75,6
2024-11-08 00:33:34.106775,TRADE,6004.75,1
2024-11-08 00:33:34.132582,TRADE,6004.75,6
2024-11-08 00:33:38.558702,TRADE,6004.75,1
2024-11-08 00:33:59.151394,TRADE,6005.0,2
2024-11-08 00:34:03.626054,TRADE,6005.0,1
2024-11-08 00:34:04.131676,TRADE,6005.0,1
2024-11-08 00:34:09.154037,TRADE,6004.75,1
2024-11-08 00:34:10.366461,TRADE,6005.0,1
2024-11-08 00:34:10.366505,TRADE,6005.0,2
2024-11-08 00:34:10.366529,TRADE,6005.0,1
2024-11-08 00:34:10.366734,TRADE,6005.0,6
2024-11-08 00:34:10.626302,TRADE,6005.0,3
2024-11-08 00:34:10.626687,TRADE,6005.0,3
2024-11-08 00:34:18.984378,TRADE,6005.0,1
2024-11-08 00:34:33.107348,TRADE,6005.25,1
2024-11-08 00:34:34.077326,TRADE,6005.0,6
2024-11-08 00:34:37.515810,TRADE,6005.25,1
2024-11-08 00:34:39.662581,TRADE,6005.25,2
2024-11-08 00:34:44.284984,TRADE,6005.0,1
2024-11-08 00:34:44.285173,TRADE,6005.0,1
2024-11-08 00:34:44.285275,TRADE,6005.0,3
2024-11-08 00:34:44.285323,TRADE,6005.0,1
2024-11-08 00:34:44.304268,TRADE,6005.0,6
2024-11-08 00:34:44.305665,TRADE,6005.25,1
2024-11-08 00:34:44.610365,TRADE,6005.25,4
2024-11-08 00:35:00.626003,TRADE,6005.0,6
2024-11-08 00:35:00.626250,TRADE,6005.0,1
2024-11-08 00:35:07.700367,TRADE,6005.0,3
2024-11-08 00:35:07.700864,TRADE,6005.0,1
2024-11-08 00:35:07.702526,TRADE,6005.0,2
2024-11-08 00:35:11.168341,TRADE,6004.75,1
2024-11-08 00:35:22.773851,TRADE,6004.75,1
2024-11-08 00:35:25.867374,TRADE,6005.0,1
2024-11-08 00:35:31.405634,TRADE,6005.0,2
2024-11-08 00:35:31.406475,TRADE,6005.0,6
2024-11-08 00:35:31.406727,TRADE,6005.0,1
2024-11-08 00:35:32.752161,TRADE,6005.0,8
2024-11-08 00:35:42.459189,TRADE,6005.0,1
2024-11-08 00:35:42.459465,TRADE,6005.0,2
2024-11-08 00:35:45.037116,TRADE,6005.0,1
2024-11-08 00:35:45.037291,TRADE,6005.0,2
2024-11-08 00:35:45.037346,TRADE,6005.0,2
2024-11-08 00:35:45.037386,TRADE,6005.0,1
2024-11-08 00:35:45.329336,TRADE,6004.75,1
2024-11-08 00:35:51.031330,TRADE,6005.0,1
2024-11-08 00:35:51.031558,TRADE,6005.0,4
2024-11-08 00:35:52.282845,TRADE,6004.75,12
2024-11-08 00:35:52.326940,TRADE,6004.75,1
2024-11-08 00:35:52.327289,TRADE,6004.75,3
2024-11-08 00:35:52.327485,TRADE,6004.75,1
2024-11-08 00:35:52.330238,TRADE,6004.75,1
2024-11-08 00:35:52.330544,TRADE,6004.75,1
2024-11-08 00:35:52.336858,TRADE,6004.75,1
2024-11-08 00:35:52.500902,TRADE,6004.75,1
2024-11-08 00:35:53.606616,TRADE,6004.75,2
2024-11-08 00:35:54.912723,TRADE,6005.0,1
2024-11-08 00:35:56.859824,TRADE,6004.75,1
2024-11-08 00:35:56.860011,TRADE,6004.75,1
2024-11-08 00:35:56.860089,TRADE,6004.75,2
2024-11-08 00:36:00.199850,TRADE,6004.75,1
2024-11-08 00:36:03.543882,TRADE,6004.5,2
2024-11-08 00:36:03.544054,TRADE,6004.5,1
2024-11-08 00:36:03.544100,TRADE,6004.5,1
2024-11-08 00:36:03.544179,TRADE,6004.5,1
2024-11-08 00:36:03.544179,TRADE,6004.5,1
2024-11-08 00:36:03.564682,TRADE,6004.25,1
2024-11-08 00:36:03.564693,TRADE,6004.25,1
2024-11-08 00:36:03.575218,TRADE,6004.5,1
2024-11-08 00:36:03.581225,TRADE,6004.5,1
2024-11-08 00:36:03.581493,TRADE,6004.5,1
2024-11-08 00:36:12.904403,TRADE,6004.75,4
2024-11-08 00:36:12.904417,TRADE,6005.0,2
2024-11-08 00:36:16.332195,TRADE,6004.75,2
2024-11-08 00:36:16.332414,TRADE,6004.75,3
2024-11-08 00:36:19.600677,TRADE,6004.5,1
2024-11-08 00:36:21.909246,TRADE,6004.5,10
2024-11-08 00:36:21.918489,TRADE,6004.5,1
2024-11-08 00:36:21.920263,TRADE,6004.5,3
2024-11-08 00:36:21.920497,TRADE,6004.5,1
2024-11-08 00:36:25.877305,TRADE,6004.5,1
2024-11-08 00:36:25.877377,TRADE,6004.75,1
2024-11-08 00:36:25.877408,TRADE,6004.75,1
2024-11-08 00:36:25.877553,TRADE,6004.5,2
2024-11-08 00:36:25.877672,TRADE,6004.5,1
2024-11-08 00:36:25.877826,TRADE,6004.5,1
2024-11-08 00:36:25.878019,TRADE,6004.5,1
2024-11-08 00:36:25.878087,TRADE,6004.5,1
2024-11-08 00:36:25.878087,TRADE,6004.5,1
2024-11-08 00:36:25.878223,TRADE,6004.75,1
2024-11-08 00:36:30.930794,TRADE,6004.5,4
2024-11-08 00:36:30.930954,TRADE,6004.5,2
2024-11-08 00:36:30.931015,TRADE,6004.5,1
2024-11-08 00:36:30.931232,TRADE,6004.5,1
2024-11-08 00:36:30.931409,TRADE,6004.5,2
2024-11-08 00:36:30.937773,TRADE,6004.5,2
2024-11-08 00:36:30.946872,TRADE,6004.5,1
2024-11-08 00:36:31.054940,TRADE,6004.5,1
2024-11-08 00:36:37.996218,TRADE,6004.5,5
2024-11-08 00:36:37.996418,TRADE,6004.5,1
2024-11-08 00:36:37.997482,TRADE,6004.5,2
2024-11-08 00:36:42.067230,TRADE,6004.25,14
2024-11-08 00:36:43.139369,TRADE,6004.25,1
2024-11-08 00:36:43.139556,TRADE,6004.25,2
2024-11-08 00:36:43.139633,TRADE,6004.25,3
2024-11-08 00:36:43.488678,TRADE,6004.25,1
2024-11-08 00:36:43.489696,TRADE,6004.5,1
2024-11-08 00:36:53.126108,TRADE,6004.25,2
2024-11-08 00:36:54.406880,TRADE,6004.25,13
2024-11-08 00:36:54.406880,TRADE,6004.0,29
2024-11-08 00:36:54.406970,TRADE,6003.75,2
2024-11-08 00:36:54.406977,TRADE,6003.75,3
2024-11-08 00:36:54.406987,TRADE,6003.75,1
2024-11-08 00:36:54.406987,TRADE,6003.75,1
2024-11-08 00:36:54.406987,TRADE,6003.75,1
2024-11-08 00:36:54.407100,TRADE,6003.75,1
2024-11-08 00:36:54.408350,TRADE,6004.0,2
2024-11-08 00:36:54.408518,TRADE,6004.0,1
2024-11-08 00:36:54.408652,TRADE,6004.0,1
2024-11-08 00:36:54.408652,TRADE,6004.0,2
2024-11-08 00:36:54.408786,TRADE,6004.0,2
2024-11-08 00:36:54.409006,TRADE,6004.0,1
2024-11-08 00:36:54.409006,TRADE,6004.0,1
2024-11-08 00:36:54.409384,TRADE,6003.75,1
2024-11-08 00:36:54.409561,TRADE,6003.75,2
2024-11-08 00:36:54.409628,TRADE,6003.75,4
2024-11-08 00:36:54.409720,TRADE,6003.75,2
2024-11-08 00:36:54.409756,TRADE,6003.75,1
2024-11-08 00:36:54.409880,TRADE,6003.75,2
2024-11-08 00:36:54.409966,TRADE,6003.75,2
2024-11-08 00:36:54.411002,TRADE,6003.75,2
2024-11-08 00:36:54.411101,TRADE,6003.75,1
2024-11-08 00:36:54.411190,TRADE,6003.75,1
2024-11-08 00:36:54.411500,TRADE,6003.75,1
2024-11-08 00:36:54.411613,TRADE,6003.75,1
2024-11-08 00:36:54.411705,TRADE,6003.75,1
2024-11-08 00:36:54.649534,TRADE,6004.0,1
2024-11-08 00:36:54.766121,TRADE,6003.75,1
2024-11-08 00:36:54.879624,TRADE,6004.0,1
2024-11-08 00:36:55.110775,TRADE,6004.0,1
2024-11-08 00:36:55.111007,TRADE,6004.0,1
2024-11-08 00:36:55.111206,TRADE,6004.0,1
2024-11-08 00:36:55.342426,TRADE,6004.0,1
2024-11-08 00:36:55.343096,TRADE,6004.0,8
2024-11-08 00:36:55.343463,TRADE,6004.0,2
2024-11-08 00:36:55.343571,TRADE,6004.0,1
2024-11-08 00:36:55.344303,TRADE,6004.25,4
2024-11-08 00:36:55.344374,TRADE,6004.25,4
2024-11-08 00:36:55.344485,TRADE,6004.25,1
2024-11-08 00:36:55.344548,TRADE,6004.25,3
2024-11-08 00:36:55.664059,TRADE,6004.5,1
2024-11-08 00:36:55.789374,TRADE,6004.25,1
2024-11-08 00:36:56.582994,TRADE,6004.5,4
2024-11-08 00:37:02.341830,TRADE,6004.5,1
2024-11-08 00:37:02.342051,TRADE,6004.5,11
2024-11-08 00:37:02.343673,TRADE,6004.75,1
2024-11-08 00:37:02.351019,TRADE,6004.75,1
2024-11-08 00:37:02.351197,TRADE,6004.75,1
2024-11-08 00:37:02.351249,TRADE,6004.75,1
2024-11-08 00:37:02.351282,TRADE,6004.75,1
2024-11-08 00:37:02.351333,TRADE,6004.75,1
2024-11-08 00:37:02.351482,TRADE,6004.75,2
2024-11-08 00:37:02.351550,TRADE,6004.75,2
2024-11-08 00:37:02.351788,TRADE,6004.75,1
2024-11-08 00:37:02.352022,TRADE,6004.75,1
2024-11-08 00:37:02.352056,TRADE,6004.75,1
2024-11-08 00:37:02.352259,TRADE,6004.75,1
2024-11-08 00:37:02.352296,TRADE,6004.75,1
2024-11-08 00:37:02.352462,TRADE,6004.75,1
2024-11-08 00:37:03.788622,TRADE,6005.0,2
2024-11-08 00:37:07.839814,TRADE,6005.0,2
2024-11-08 00:37:09.923598,TRADE,6005.0,7
2024-11-08 00:37:12.875464,TRADE,6004.75,1
2024-11-08 00:37:20.669607,TRADE,6004.75,1
2024-11-08 00:37:22.020674,TRADE,6004.75,1
2024-11-08 00:37:22.021109,TRADE,6004.75,1
2024-11-08 00:37:22.021380,TRADE,6004.75,4
2024-11-08 00:37:22.021438,TRADE,6004.75,1
2024-11-08 00:37:22.021533,TRADE,6004.75,1
2024-11-08 00:37:22.021601,TRADE,6004.75,1
2024-11-08 00:37:22.021601,TRADE,6004.75,1
2024-11-08 00:37:22.021665,TRADE,6004.75,1
2024-11-08 00:37:22.232253,TRADE,6004.75,1
2024-11-08 00:37:24.820741,TRADE,6005.0,1
2024-11-08 00:37:24.820907,TRADE,6005.0,1
2024-11-08 00:37:24.820992,TRADE,6005.0,4
2024-11-08 00:37:27.405349,TRADE,6004.75,2
2024-11-08 00:37:38.481172,TRADE,6005.0,1
2024-11-08 00:37:38.481286,TRADE,6005.0,2
2024-11-08 00:37:38.481286,TRADE,6005.0,1
2024-11-08 00:37:38.481393,TRADE,6005.0,2
2024-11-08 00:37:38.481497,TRADE,6005.0,2
2024-11-08 00:37:43.097587,TRADE,6005.25,1
2024-11-08 00:37:44.188641,TRADE,6005.0,19
2024-11-08 00:37:46.162570,TRADE,6005.0,1
2024-11-08 00:37:55.996017,TRADE,6004.75,20
2024-11-08 00:37:56.067452,TRADE,6004.75,1
2024-11-08 00:37:59.207697,TRADE,6004.75,8
2024-11-08 00:38:10.053216,TRADE,6005.0,10
2024-11-08 00:38:15.412675,TRADE,6005.25,1
2024-11-08 00:38:16.383305,TRADE,6005.25,2
2024-11-08 00:38:16.383466,TRADE,6005.25,1
2024-11-08 00:38:16.383924,TRADE,6005.25,3
2024-11-08 00:38:16.384035,TRADE,6005.25,2
2024-11-08 00:38:16.384125,TRADE,6005.25,1
2024-11-08 00:38:16.384125,TRADE,6005.25,1
2024-11-08 00:38:19.213193,TRADE,6005.0,5
2024-11-08 00:38:25.425065,TRADE,6005.25,2
2024-11-08 00:38:25.425077,TRADE,6005.25,1
2024-11-08 00:38:26.580063,TRADE,6005.25,1
2024-11-08 00:38:26.580350,TRADE,6005.25,9
2024-11-08 00:38:26.600239,TRADE,6005.25,5
2024-11-08 00:38:26.601239,TRADE,6005.25,6
2024-11-08 00:38:26.607919,TRADE,6005.0,2
2024-11-08 00:38:53.066352,TRADE,6005.0,10
2024-11-08 00:38:53.066601,TRADE,6005.0,1
2024-11-08 00:38:53.066688,TRADE,6005.0,2
2024-11-08 00:38:53.066755,TRADE,6005.0,1
2024-11-08 00:38:53.066755,TRADE,6005.0,1
2024-11-08 00:38:53.066795,TRADE,6005.0,1
2024-11-08 00:38:56.814519,TRADE,6005.0,6
2024-11-08 00:38:56.818481,TRADE,6005.0,1
2024-11-08 00:38:56.818558,TRADE,6005.0,1
2024-11-08 00:39:02.072784,TRADE,6004.75,1
2024-11-08 00:39:03.821165,TRADE,6005.0,1
2024-11-08 00:39:04.785476,TRADE,6005.0,1
2024-11-08 00:39:04.785556,TRADE,6005.0,1
2024-11-08 00:39:04.785556,TRADE,6005.0,1
2024-11-08 00:39:04.785645,TRADE,6005.0,2
2024-11-08 00:39:04.785645,TRADE,6005.0,1
2024-11-08 00:39:04.785699,TRADE,6005.0,4
2024-11-08 00:39:17.011521,TRADE,6005.25,2
2024-11-08 00:39:20.132117,TRADE,6005.0,1
2024-11-08 00:39:35.766228,TRADE,6005.0,6
2024-11-08 00:39:35.767344,TRADE,6005.0,1
2024-11-08 00:39:35.767484,TRADE,6005.0,1
2024-11-08 00:39:35.767484,TRADE,6005.0,1
2024-11-08 00:39:35.767484,TRADE,6005.0,1
2024-11-08 00:39:35.767555,TRADE,6005.0,6
2024-11-08 00:39:35.768523,TRADE,6005.0,1
2024-11-08 00:39:35.768662,TRADE,6005.0,1
2024-11-08 00:39:43.306191,TRADE,6005.0,16
2024-11-08 00:39:47.174443,TRADE,6004.75,3
2024-11-08 00:39:47.174596,TRADE,6004.75,1
2024-11-08 00:39:47.174653,TRADE,6004.75,4
2024-11-08 00:39:47.247128,TRADE,6004.75,1
2024-11-08 00:39:47.384013,TRADE,6004.75,2
2024-11-08 00:39:49.416852,TRADE,6004.5,1
2024-11-08 00:39:54.048296,TRADE,6004.75,1
2024-11-08 00:39:54.372096,TRADE,6004.75,9
2024-11-08 00:39:54.372553,TRADE,6004.75,1
2024-11-08 00:40:01.234151,TRADE,6005.0,2
2024-11-08 00:40:01.332533,TRADE,6005.0,3
2024-11-08 00:40:01.339139,TRADE,6005.0,3
2024-11-08 00:40:01.345610,TRADE,6005.0,2
2024-11-08 00:40:01.667730,TRADE,6004.75,1
2024-11-08 00:40:03.222638,TRADE,6005.0,1
2024-11-08 00:40:05.487741,TRADE,6005.0,1
2024-11-08 00:40:05.487799,TRADE,6005.0,2
2024-11-08 00:40:05.487847,TRADE,6005.0,1
2024-11-08 00:40:05.487915,TRADE,6005.0,1
2024-11-08 00:40:05.488020,TRADE,6005.0,1
2024-11-08 00:40:05.488074,TRADE,6005.0,7
2024-11-08 00:40:05.488842,TRADE,6005.0,1
2024-11-08 00:40:05.489184,TRADE,6005.0,9
2024-11-08 00:40:05.489286,TRADE,6005.0,1
2024-11-08 00:40:05.490985,TRADE,6005.0,4
2024-11-08 00:40:09.643065,TRADE,6005.0,2
2024-11-08 00:40:09.643272,TRADE,6005.0,1
2024-11-08 00:40:09.643623,TRADE,6005.0,1
2024-11-08 00:40:09.643701,TRADE,6005.0,1
2024-11-08 00:40:10.682388,TRADE,6005.0,1
2024-11-08 00:40:11.015955,TRADE,6004.75,1
2024-11-08 00:40:12.625937,TRADE,6004.75,1
2024-11-08 00:40:23.343373,TRADE,6004.75,22
2024-11-08 00:40:23.343631,TRADE,6004.75,1
2024-11-08 00:40:23.343674,TRADE,6004.75,1
2024-11-08 00:40:23.343822,TRADE,6004.75,1
2024-11-08 00:40:23.345011,TRADE,6004.75,2
2024-11-08 00:40:23.345362,TRADE,6004.75,1
2024-11-08 00:40:23.345392,TRADE,6004.75,1
2024-11-08 00:40:23.345528,TRADE,6004.75,2
2024-11-08 00:40:28.440109,TRADE,6005.0,7
2024-11-08 00:40:28.440124,TRADE,6005.25,1
2024-11-08 00:40:28.460487,TRADE,6005.0,10
2024-11-08 00:40:37.618747,TRADE,6005.25,2
2024-11-08 00:40:40.010806,TRADE,6005.0,2
2024-11-08 00:40:40.010943,TRADE,6005.0,8
2024-11-08 00:40:40.010987,TRADE,6005.0,1
2024-11-08 00:40:41.420976,TRADE,6005.0,1
2024-11-08 00:40:41.420998,TRADE,6005.0,1
2024-11-08 00:40:41.421289,TRADE,6005.0,9
2024-11-08 00:40:41.465988,TRADE,6005.25,6
2024-11-08 00:40:41.466120,TRADE,6005.25,4
2024-11-08 00:40:41.466275,TRADE,6005.25,1
2024-11-08 00:41:00.998518,TRADE,6005.5,2
2024-11-08 00:41:00.998707,TRADE,6005.5,2
2024-11-08 00:41:00.998749,TRADE,6005.5,1
2024-11-08 00:41:00.998934,TRADE,6005.5,9
2024-11-08 00:41:03.595798,TRADE,6005.5,1
2024-11-08 00:41:08.255212,TRADE,6005.5,3
2024-11-08 00:41:08.255253,TRADE,6005.5,2
2024-11-08 00:41:08.255389,TRADE,6005.5,1
2024-11-08 00:41:08.255459,TRADE,6005.5,1
2024-11-08 00:41:08.255498,TRADE,6005.5,1
2024-11-08 00:41:08.255539,TRADE,6005.5,6
2024-11-08 00:41:08.255689,TRADE,6005.5,2
2024-11-08 00:41:08.255949,TRADE,6005.5,1
2024-11-08 00:41:08.255995,TRADE,6005.5,1
2024-11-08 00:41:08.256782,TRADE,6005.5,3
2024-11-08 00:41:08.257000,TRADE,6005.5,1
2024-11-08 00:41:08.463130,TRADE,6005.5,1
2024-11-08 00:41:08.783573,TRADE,6005.5,4
2024-11-08 00:41:11.569515,TRADE,6005.75,3
2024-11-08 00:41:11.569528,TRADE,6005.75,1
2024-11-08 00:41:15.184598,TRADE,6005.75,1
2024-11-08 00:41:17.055751,TRADE,6005.75,4
2024-11-08 00:41:20.371122,TRADE,6005.75,1
2024-11-08 00:41:20.371326,TRADE,6005.75,1
2024-11-08 00:41:20.371501,TRADE,6005.75,1
2024-11-08 00:41:20.371672,TRADE,6005.75,1
2024-11-08 00:41:20.372044,TRADE,6005.75,3
2024-11-08 00:41:20.372340,TRADE,6005.75,1
2024-11-08 00:41:30.848387,TRADE,6005.75,1
2024-11-08 00:41:30.848546,TRADE,6005.75,1
2024-11-08 00:41:30.848660,TRADE,6005.75,1
2024-11-08 00:41:31.320552,TRADE,6005.75,1
2024-11-08 00:41:33.319951,TRADE,6006.0,3
2024-11-08 00:41:33.319968,TRADE,6006.0,1
2024-11-08 00:41:35.285002,TRADE,6006.0,1
2024-11-08 00:41:42.189307,TRADE,6006.0,1
2024-11-08 00:41:54.259789,TRADE,6005.75,1
2024-11-08 00:41:54.260708,TRADE,6005.75,9
2024-11-08 00:41:54.260868,TRADE,6005.75,1
2024-11-08 00:41:54.260904,TRADE,6005.75,1
2024-11-08 00:41:54.260937,TRADE,6005.75,1
2024-11-08 00:41:54.261257,TRADE,6005.75,1
2024-11-08 00:41:58.004109,TRADE,6005.75,1
2024-11-08 00:42:09.069112,TRADE,6005.75,6
2024-11-08 00:42:09.070108,TRADE,6005.75,2
2024-11-08 00:42:20.125441,TRADE,6005.75,2
2024-11-08 00:42:20.125660,TRADE,6005.75,1
2024-11-08 00:42:20.125693,TRADE,6005.75,1
2024-11-08 00:42:20.126038,TRADE,6005.75,1
2024-11-08 00:42:20.126460,TRADE,6005.75,1
2024-11-08 00:42:25.877252,TRADE,6005.75,2
2024-11-08 00:42:26.284493,TRADE,6005.75,1
2024-11-08 00:42:47.265481,TRADE,6006.0,1
2024-11-08 00:42:47.265670,TRADE,6006.0,1
2024-11-08 00:42:47.265771,TRADE,6006.0,2
2024-11-08 00:42:47.265893,TRADE,6006.0,1
2024-11-08 00:42:47.389966,TRADE,6006.0,4
2024-11-08 00:42:47.390120,TRADE,6006.0,1
2024-11-08 00:42:47.390159,TRADE,6006.0,1
2024-11-08 00:42:47.485783,TRADE,6006.0,1
2024-11-08 00:42:52.028911,TRADE,6006.0,1
2024-11-08 00:42:56.272858,TRADE,6006.0,1
2024-11-08 00:43:01.259373,TRADE,6006.25,1
2024-11-08 00:43:02.558806,TRADE,6006.0,11
2024-11-08 00:43:02.585693,TRADE,6005.75,2
2024-11-08 00:43:02.626972,TRADE,6005.75,5
2024-11-08 00:43:03.185588,TRADE,6005.75,1
2024-11-08 00:43:03.275382,TRADE,6005.75,2
2024-11-08 00:43:05.479550,TRADE,6005.5,3
2024-11-08 00:43:05.710971,TRADE,6005.75,1
2024-11-08 00:43:05.879748,TRADE,6005.75,1
2024-11-08 00:43:10.156988,TRADE,6005.75,1
2024-11-08 00:43:10.157181,TRADE,6005.75,1
2024-11-08 00:43:10.161003,TRADE,6005.75,1
2024-11-08 00:43:10.161462,TRADE,6005.75,1
2024-11-08 00:43:23.169516,TRADE,6005.5,1
2024-11-08 00:43:23.169759,TRADE,6005.5,1
2024-11-08 00:43:23.169818,TRADE,6005.5,4
2024-11-08 00:43:23.169957,TRADE,6005.5,1
2024-11-08 00:43:23.171555,TRADE,6005.5,2
2024-11-08 00:43:25.215621,TRADE,6005.5,1
2024-11-08 00:43:25.216031,TRADE,6005.5,1
2024-11-08 00:43:25.230353,TRADE,6005.5,2
2024-11-08 00:43:27.146764,TRADE,6005.5,3
2024-11-08 00:43:28.466511,TRADE,6005.5,18
2024-11-08 00:43:28.466511,TRADE,6005.25,1
2024-11-08 00:43:28.467105,TRADE,6005.5,1
2024-11-08 00:43:28.467227,TRADE,6005.5,2
2024-11-08 00:43:35.350539,TRADE,6005.75,1
2024-11-08 00:43:37.076596,TRADE,6005.5,1
2024-11-08 00:43:37.765286,TRADE,6005.75,1
2024-11-08 00:43:42.847137,TRADE,6005.5,1
2024-11-08 00:43:42.847353,TRADE,6005.5,1
2024-11-08 00:43:42.847835,TRADE,6005.5,1
2024-11-08 00:43:44.849086,TRADE,6005.75,1
2024-11-08 00:43:45.663997,TRADE,6005.5,1
2024-11-08 00:43:45.664666,TRADE,6005.5,1
2024-11-08 00:43:45.664736,TRADE,6005.5,1
2024-11-08 00:43:45.665016,TRADE,6005.5,3
2024-11-08 00:43:45.665478,TRADE,6005.5,2
2024-11-08 00:43:45.665775,TRADE,6005.5,4
2024-11-08 00:43:45.665958,TRADE,6005.5,1
2024-11-08 00:43:49.343050,TRADE,6005.5,4
2024-11-08 00:43:49.343673,TRADE,6005.5,5
2024-11-08 00:44:00.499496,TRADE,6005.75,1
2024-11-08 00:44:00.499712,TRADE,6005.75,1
2024-11-08 00:44:05.817791,TRADE,6005.75,1
2024-11-08 00:44:08.318720,TRADE,6005.75,1
2024-11-08 00:44:21.217606,TRADE,6006.0,4
2024-11-08 00:44:21.217931,TRADE,6006.0,1
2024-11-08 00:44:22.653308,TRADE,6005.75,2
2024-11-08 00:44:22.699398,TRADE,6005.75,2
2024-11-08 00:44:23.216856,TRADE,6006.0,6
2024-11-08 00:44:25.279779,TRADE,6006.0,2
2024-11-08 00:44:26.787240,TRADE,6005.75,2
2024-11-08 00:44:27.251491,TRADE,6005.75,2
2024-11-08 00:44:27.252632,TRADE,6005.75,4
2024-11-08 00:44:41.511585,TRADE,6005.5,1
2024-11-08 00:44:42.544398,TRADE,6005.5,2
2024-11-08 00:44:42.544625,TRADE,6005.5,1
2024-11-08 00:44:42.544701,TRADE,6005.5,8
2024-11-08 00:44:42.558276,TRADE,6005.5,1
2024-11-08 00:44:46.352743,TRADE,6005.25,8
2024-11-08 00:44:51.563389,TRADE,6005.25,2
2024-11-08 00:44:53.294935,TRADE,6005.25,1
2024-11-08 00:44:53.295117,TRADE,6005.25,1
2024-11-08 00:44:53.295160,TRADE,6005.25,1
2024-11-08 00:44:53.307782,TRADE,6005.5,3
2024-11-08 00:45:01.888709,TRADE,6005.5,1
2024-11-08 00:45:01.889016,TRADE,6005.5,1
2024-11-08 00:45:01.889254,TRADE,6005.5,2
2024-11-08 00:45:10.427936,TRADE,6005.5,4
2024-11-08 00:45:11.289751,TRADE,6005.5,1
2024-11-08 00:45:15.290078,TRADE,6005.75,9
2024-11-08 00:45:15.290422,TRADE,6005.75,1
2024-11-08 00:45:15.290547,TRADE,6005.75,1
2024-11-08 00:45:15.290697,TRADE,6005.75,2
2024-11-08 00:45:15.290697,TRADE,6005.75,1
2024-11-08 00:45:15.535587,TRADE,6005.75,1
2024-11-08 00:45:30.867988,TRADE,6005.5,2
2024-11-08 00:45:32.465378,TRADE,6005.5,1
2024-11-08 00:45:44.456996,TRADE,6005.75,1
2024-11-08 00:45:44.457097,TRADE,6005.75,5
2024-11-08 00:45:46.024801,TRADE,6005.75,5
2024-11-08 00:45:46.734852,TRADE,6005.75,2
2024-11-08 00:45:46.767467,TRADE,6005.75,1
2024-11-08 00:45:46.767703,TRADE,6005.75,1
2024-11-08 00:45:47.743223,TRADE,6005.5,5
2024-11-08 00:45:49.012023,TRADE,6005.75,5
2024-11-08 00:45:50.973073,TRADE,6005.75,1
2024-11-08 00:45:59.926035,TRADE,6005.75,1
2024-11-08 00:46:05.285723,TRADE,6005.75,1
2024-11-08 00:46:05.285990,TRADE,6005.75,5
2024-11-08 00:46:05.320507,TRADE,6006.0,1
2024-11-08 00:46:07.497904,TRADE,6005.75,2
2024-11-08 00:46:09.614179,TRADE,6006.0,1
2024-11-08 00:46:15.139358,TRADE,6006.0,1
2024-11-08 00:46:18.187996,TRADE,6005.75,1
2024-11-08 00:46:18.474050,TRADE,6005.75,2
2024-11-08 00:46:18.474278,TRADE,6005.75,1
2024-11-08 00:46:18.474535,TRADE,6005.75,3
2024-11-08 00:46:18.478953,TRADE,6005.75,1
2024-11-08 00:46:18.479343,TRADE,6005.75,1
2024-11-08 00:46:18.899298,TRADE,6005.75,1
2024-11-08 00:46:23.121437,TRADE,6005.75,4
2024-11-08 00:46:25.103004,TRADE,6005.5,1
2024-11-08 00:46:31.820523,TRADE,6005.5,6
2024-11-08 00:46:33.258052,TRADE,6005.5,1
2024-11-08 00:46:33.443821,TRADE,6005.5,2
2024-11-08 00:46:33.444597,TRADE,6005.5,1
2024-11-08 00:46:33.444781,TRADE,6005.5,1
2024-11-08 00:46:35.258090,TRADE,6005.5,1
2024-11-08 00:46:38.080781,TRADE,6005.75,12
2024-11-08 00:47:05.482890,TRADE,6005.75,1
2024-11-08 00:47:08.968188,TRADE,6005.5,1
2024-11-08 00:47:17.076165,TRADE,6005.75,1
2024-11-08 00:47:21.346587,TRADE,6005.5,1
2024-11-08 00:47:33.423582,TRADE,6005.75,1
2024-11-08 00:47:35.290296,TRADE,6005.5,13
2024-11-08 00:47:35.290435,TRADE,6005.5,4
2024-11-08 00:47:49.632459,TRADE,6005.75,2
2024-11-08 00:47:53.371841,TRADE,6005.5,2
2024-11-08 00:47:55.222598,TRADE,6005.75,1
2024-11-08 00:47:55.492452,TRADE,6005.75,19
2024-11-08 00:47:55.493087,TRADE,6005.75,1
2024-11-08 00:48:00.232446,TRADE,6005.75,1
2024-11-08 00:48:00.232495,TRADE,6005.75,4
2024-11-08 00:48:00.234025,TRADE,6005.75,2
2024-11-08 00:48:01.196295,TRADE,6006.0,1
2024-11-08 00:48:01.196561,TRADE,6006.0,1
2024-11-08 00:48:01.376708,TRADE,6006.0,1
2024-11-08 00:48:01.376927,TRADE,6006.0,1
2024-11-08 00:48:01.376971,TRADE,6006.0,1
2024-11-08 00:48:10.525529,TRADE,6006.0,1
2024-11-08 00:48:10.525731,TRADE,6006.0,4
2024-11-08 00:48:10.525826,TRADE,6006.0,5
2024-11-08 00:48:10.999413,TRADE,6006.0,3
2024-11-08 00:48:10.999650,TRADE,6006.0,5
2024-11-08 00:48:11.000097,TRADE,6006.0,2
2024-11-08 00:48:11.002827,TRADE,6006.0,1
2024-11-08 00:48:11.003160,TRADE,6006.0,1
2024-11-08 00:48:11.003358,TRADE,6006.0,1
2024-11-08 00:48:11.003426,TRADE,6006.0,1
2024-11-08 00:48:11.003426,TRADE,6006.0,1
2024-11-08 00:48:16.458886,TRADE,6006.0,1
2024-11-08 00:48:30.441174,TRADE,6006.0,2
2024-11-08 00:48:32.145909,TRADE,6005.75,2
2024-11-08 00:48:32.146559,TRADE,6005.75,1
2024-11-08 00:48:32.146864,TRADE,6005.75,8
2024-11-08 00:48:45.755564,TRADE,6005.75,1
2024-11-08 00:48:50.117813,TRADE,6005.75,3
2024-11-08 00:48:52.387041,TRADE,6006.0,1
2024-11-08 00:48:53.593786,TRADE,6006.0,1
2024-11-08 00:48:53.601633,TRADE,6006.0,1
2024-11-08 00:48:53.601860,TRADE,6006.0,1
2024-11-08 00:48:53.797000,TRADE,6006.0,1
2024-11-08 00:48:56.200753,TRADE,6006.0,1
2024-11-08 00:49:00.557007,TRADE,6006.0,1
2024-11-08 00:49:00.562680,TRADE,6006.0,3
2024-11-08 00:49:00.562880,TRADE,6006.0,1
2024-11-08 00:49:02.385203,TRADE,6006.0,1
2024-11-08 00:49:02.385375,TRADE,6006.0,2
2024-11-08 00:49:02.385444,TRADE,6006.0,1
2024-11-08 00:49:02.385982,TRADE,6006.0,1
2024-11-08 00:49:06.213017,TRADE,6005.75,1
2024-11-08 00:49:08.357160,TRADE,6005.75,1
2024-11-08 00:49:09.666595,TRADE,6006.0,1
2024-11-08 00:49:11.868175,TRADE,6005.75,1
2024-11-08 00:49:17.524267,TRADE,6005.75,1
2024-11-08 00:49:19.645843,TRADE,6006.0,2
2024-11-08 00:49:19.646175,TRADE,6006.0,7
2024-11-08 00:49:19.646716,TRADE,6006.0,1
2024-11-08 00:49:19.646909,TRADE,6006.0,1
2024-11-08 00:49:19.647055,TRADE,6006.0,1
2024-11-08 00:49:19.647387,TRADE,6006.0,2
2024-11-08 00:49:21.603811,TRADE,6006.0,1
2024-11-08 00:49:21.604976,TRADE,6006.0,1
2024-11-08 00:49:21.605042,TRADE,6006.0,1
2024-11-08 00:49:23.244762,TRADE,6006.0,3
2024-11-08 00:49:23.245542,TRADE,6006.0,4
2024-11-08 00:49:23.245748,TRADE,6006.0,1
2024-11-08 00:49:23.245951,TRADE,6006.0,1
2024-11-08 00:49:24.208046,TRADE,6006.0,5
2024-11-08 00:49:29.223349,TRADE,6005.75,3
2024-11-08 00:49:37.313176,TRADE,6005.75,3
2024-11-08 00:49:37.313387,TRADE,6005.75,1
2024-11-08 00:49:37.313426,TRADE,6005.75,1
2024-11-08 00:49:37.313681,TRADE,6005.75,1
2024-11-08 00:49:37.313681,TRADE,6005.75,1
2024-11-08 00:49:37.313766,TRADE,6005.75,1
2024-11-08 00:49:37.335399,TRADE,6005.75,1
2024-11-08 00:49:39.006418,TRADE,6005.75,1
2024-11-08 00:49:56.556030,TRADE,6005.75,2
2024-11-08 00:50:00.145601,TRADE,6005.75,2
2024-11-08 00:50:00.145811,TRADE,6005.75,4
2024-11-08 00:50:00.145865,TRADE,6005.75,1
2024-11-08 00:50:01.001032,TRADE,6005.75,1
2024-11-08 00:50:04.109481,TRADE,6005.5,5
2024-11-08 00:50:04.272124,TRADE,6005.5,1
2024-11-08 00:50:04.276223,TRADE,6005.5,1
2024-11-08 00:50:06.060934,TRADE,6005.25,1
2024-11-08 00:50:06.060948,TRADE,6005.0,1
2024-11-08 00:50:06.060948,TRADE,6005.0,1
2024-11-08 00:50:06.060948,TRADE,6005.0,1
2024-11-08 00:50:06.060948,TRADE,6005.0,1
2024-11-08 00:50:06.061143,TRADE,6005.25,1
2024-11-08 00:50:06.063145,TRADE,6005.0,2
2024-11-08 00:50:06.192536,TRADE,6005.0,1
2024-11-08 00:50:06.356610,TRADE,6005.0,1
2024-11-08 00:50:10.371523,TRADE,6004.75,1
2024-11-08 00:50:10.371540,TRADE,6004.75,1
2024-11-08 00:50:16.084609,TRADE,6005.0,1
2024-11-08 00:50:16.084846,TRADE,6005.0,2
2024-11-08 00:50:16.084880,TRADE,6005.0,1
2024-11-08 00:50:16.085642,TRADE,6005.0,1
2024-11-08 00:50:16.095325,TRADE,6005.0,1
2024-11-08 00:50:16.095512,TRADE,6005.0,1
2024-11-08 00:50:17.320064,TRADE,6004.75,1
2024-11-08 00:50:19.964365,TRADE,6004.75,1
2024-11-08 00:50:29.395760,TRADE,6004.75,1
2024-11-08 00:50:29.395819,TRADE,6004.75,2
2024-11-08 00:50:29.395819,TRADE,6004.75,1
2024-11-08 00:50:29.395849,TRADE,6004.75,2
2024-11-08 00:50:29.396004,TRADE,6004.75,2
2024-11-08 00:50:31.300303,TRADE,6004.75,1
2024-11-08 00:50:31.300518,TRADE,6004.75,1
2024-11-08 00:50:34.834343,TRADE,6004.75,1
2024-11-08 00:50:40.105397,TRADE,6004.5,1
2024-11-08 00:50:40.105411,TRADE,6004.5,1
2024-11-08 00:50:41.378610,TRADE,6004.5,1
2024-11-08 00:50:43.739824,TRADE,6004.5,1
2024-11-08 00:50:48.921138,TRADE,6004.5,2
2024-11-08 00:50:48.921228,TRADE,6004.5,1
2024-11-08 00:50:48.967382,TRADE,6004.25,1
2024-11-08 00:50:57.656837,TRADE,6004.25,1
2024-11-08 00:51:02.605256,TRADE,6004.25,5
2024-11-08 00:51:02.915203,TRADE,6004.25,1
2024-11-08 00:51:04.460948,TRADE,6004.25,8
2024-11-08 00:51:04.828451,TRADE,6004.25,4
2024-11-08 00:51:04.828707,TRADE,6004.25,2
2024-11-08 00:51:05.433675,TRADE,6004.25,1
2024-11-08 00:51:15.244366,TRADE,6004.25,7
2024-11-08 00:51:20.569690,TRADE,6004.5,5
2024-11-08 00:51:20.569704,TRADE,6004.75,1
2024-11-08 00:51:20.570836,TRADE,6004.5,1
2024-11-08 00:51:20.885787,TRADE,6004.5,3
2024-11-08 00:51:21.614749,TRADE,6004.5,1
2024-11-08 00:51:23.398059,TRADE,6004.75,1
2024-11-08 00:51:24.290557,TRADE,6004.5,1
2024-11-08 00:51:25.823351,TRADE,6004.5,3
2024-11-08 00:51:25.824167,TRADE,6004.5,1
2024-11-08 00:51:29.469831,TRADE,6004.5,1
2024-11-08 00:51:32.224538,TRADE,6004.25,1
2024-11-08 00:51:32.224695,TRADE,6004.25,1
2024-11-08 00:51:32.224761,TRADE,6004.25,19
2024-11-08 00:51:34.830966,TRADE,6004.25,1
2024-11-08 00:51:34.831169,TRADE,6004.25,1
2024-11-08 00:51:34.831223,TRADE,6004.25,1
2024-11-08 00:51:38.307335,TRADE,6004.5,1
2024-11-08 00:51:38.307696,TRADE,6004.5,1
2024-11-08 00:51:38.848781,TRADE,6004.5,1
2024-11-08 00:51:41.278483,TRADE,6004.5,2
2024-11-08 00:51:43.391996,TRADE,6004.25,1
2024-11-08 00:51:45.934679,TRADE,6004.5,2
2024-11-08 00:51:53.746354,TRADE,6004.5,1
2024-11-08 00:51:54.864058,TRADE,6004.25,1
2024-11-08 00:51:54.864150,TRADE,6004.25,2
2024-11-08 00:51:54.864150,TRADE,6004.25,2
2024-11-08 00:51:54.864232,TRADE,6004.25,1
2024-11-08 00:52:00.072535,TRADE,6004.25,1
2024-11-08 00:52:00.072746,TRADE,6004.25,1
2024-11-08 00:52:01.970072,TRADE,6004.25,1
2024-11-08 00:52:01.970248,TRADE,6004.25,1
2024-11-08 00:52:09.903151,TRADE,6004.25,1
2024-11-08 00:52:10.188556,TRADE,6004.25,1
2024-11-08 00:52:14.144373,TRADE,6004.0,1
2024-11-08 00:52:14.399175,TRADE,6004.0,1
2024-11-08 00:52:15.405570,TRADE,6004.0,3
2024-11-08 00:52:17.784220,TRADE,6004.0,9
2024-11-08 00:52:18.755006,TRADE,6003.75,1
2024-11-08 00:52:18.984992,TRADE,6003.75,1
2024-11-08 00:52:20.154875,TRADE,6004.0,2
2024-11-08 00:52:20.154925,TRADE,6004.0,2
2024-11-08 00:52:20.156213,TRADE,6004.0,1
2024-11-08 00:52:20.156385,TRADE,6004.0,1
2024-11-08 00:52:20.333260,TRADE,6004.0,1
2024-11-08 00:52:22.136049,TRADE,6004.0,1
2024-11-08 00:52:22.636947,TRADE,6003.75,2
2024-11-08 00:52:23.347048,TRADE,6004.0,6
2024-11-08 00:52:23.348594,TRADE,6004.0,3
2024-11-08 00:52:23.348911,TRADE,6004.0,1
2024-11-08 00:52:23.348961,TRADE,6004.0,1
2024-11-08 00:52:23.349009,TRADE,6004.0,1
2024-11-08 00:52:23.349802,TRADE,6004.0,3
2024-11-08 00:52:23.350098,TRADE,6004.0,1
2024-11-08 00:52:23.350182,TRADE,6004.0,1
2024-11-08 00:52:23.350182,TRADE,6004.0,1
2024-11-08 00:52:23.350995,TRADE,6004.0,1
2024-11-08 00:52:23.351195,TRADE,6004.0,1
2024-11-08 00:52:23.351396,TRADE,6004.0,1
2024-11-08 00:52:23.694461,TRADE,6003.75,1
2024-11-08 00:52:28.727677,TRADE,6003.75,1
2024-11-08 00:52:30.556731,TRADE,6004.0,1
2024-11-08 00:52:30.556928,TRADE,6004.0,1
2024-11-08 00:52:30.740989,TRADE,6004.0,6
2024-11-08 00:52:33.918110,TRADE,6004.0,2
2024-11-08 00:52:36.951132,TRADE,6004.0,1
2024-11-08 00:52:41.599201,TRADE,6004.25,1
2024-11-08 00:52:43.496599,TRADE,6004.0,1
2024-11-08 00:52:48.263306,TRADE,6004.25,1
2024-11-08 00:52:48.263402,TRADE,6004.25,3
2024-11-08 00:52:48.263402,TRADE,6004.25,1
2024-11-08 00:52:48.263467,TRADE,6004.25,1
2024-11-08 00:52:48.263467,TRADE,6004.25,2
2024-11-08 00:52:48.263590,TRADE,6004.25,2
2024-11-08 00:53:03.247104,TRADE,6004.0,1
2024-11-08 00:53:06.046717,TRADE,6004.0,1
2024-11-08 00:53:08.724941,TRADE,6004.25,11
2024-11-08 00:53:11.904098,TRADE,6004.25,6
2024-11-08 00:53:11.904255,TRADE,6004.25,1
2024-11-08 00:53:11.904324,TRADE,6004.25,1
2024-11-08 00:53:11.904700,TRADE,6004.25,1
2024-11-08 00:53:11.905504,TRADE,6004.25,3
2024-11-08 00:53:11.913723,TRADE,6004.5,2
2024-11-08 00:53:11.913736,TRADE,6004.5,1
2024-11-08 00:53:11.931161,TRADE,6004.5,10
2024-11-08 00:53:24.709099,TRADE,6004.5,1
2024-11-08 00:53:29.498335,TRADE,6004.5,5
2024-11-08 00:53:33.962843,TRADE,6004.5,15
2024-11-08 00:53:37.220711,TRADE,6004.5,1
2024-11-08 00:53:37.220881,TRADE,6004.5,2
2024-11-08 00:53:40.244436,TRADE,6004.5,1
2024-11-08 00:53:45.008562,TRADE,6004.5,2
2024-11-08 00:53:45.009383,TRADE,6004.5,1
2024-11-08 00:53:45.109994,TRADE,6004.5,6
2024-11-08 00:53:45.338860,TRADE,6004.25,19
2024-11-08 00:53:45.339239,TRADE,6004.25,3
2024-11-08 00:53:45.339339,TRADE,6004.25,1
2024-11-08 00:53:45.339415,TRADE,6004.25,1
2024-11-08 00:53:45.339957,TRADE,6004.0,7
2024-11-08 00:53:45.340109,TRADE,6004.0,3
2024-11-08 00:53:45.340109,TRADE,6004.0,2
2024-11-08 00:53:45.340109,TRADE,6004.0,2
2024-11-08 00:53:45.340194,TRADE,6004.0,1
2024-11-08 00:53:45.340248,TRADE,6004.0,4
2024-11-08 00:53:45.347424,TRADE,6004.0,1
2024-11-08 00:53:45.348661,TRADE,6004.0,1
2024-11-08 00:53:45.367885,TRADE,6004.0,1
2024-11-08 00:53:45.390767,TRADE,6004.0,1
2024-11-08 00:53:46.681273,TRADE,6003.75,1
2024-11-08 00:53:47.801086,TRADE,6003.75,1
2024-11-08 00:53:47.801357,TRADE,6003.75,4
2024-11-08 00:53:47.801427,TRADE,6003.75,1
2024-11-08 00:53:47.801427,TRADE,6003.75,1
2024-11-08 00:53:47.801500,TRADE,6003.75,2
2024-11-08 00:53:47.801500,TRADE,6003.75,1
2024-11-08 00:53:53.014476,TRADE,6003.75,1
2024-11-08 00:53:56.725445,TRADE,6003.75,1
2024-11-08 00:54:01.196038,TRADE,6003.5,1
2024-11-08 00:54:01.196050,TRADE,6003.5,1
2024-11-08 00:54:01.196050,TRADE,6003.5,2
2024-11-08 00:54:01.471189,TRADE,6003.5,1
2024-11-08 00:54:04.304820,TRADE,6003.5,1
2024-11-08 00:54:07.537987,TRADE,6003.75,1
2024-11-08 00:54:14.133719,TRADE,6003.75,4
2024-11-08 00:54:14.133836,TRADE,6003.75,2
2024-11-08 00:54:14.133836,TRADE,6003.75,2
2024-11-08 00:54:14.133836,TRADE,6003.75,1
2024-11-08 00:54:15.004443,TRADE,6003.75,1
2024-11-08 00:54:15.004644,TRADE,6003.75,4
2024-11-08 00:54:15.004679,TRADE,6003.75,1
2024-11-08 00:54:15.104271,TRADE,6003.75,1
2024-11-08 00:54:15.105203,TRADE,6003.75,1
2024-11-08 00:54:18.111619,TRADE,6003.75,1
2024-11-08 00:54:18.111820,TRADE,6003.75,4
2024-11-08 00:54:21.130034,TRADE,6004.0,1
2024-11-08 00:54:23.302237,TRADE,6003.75,9
2024-11-08 00:54:23.302704,TRADE,6003.75,1
2024-11-08 00:54:23.328630,TRADE,6003.5,1
2024-11-08 00:54:26.376320,TRADE,6003.75,1
2024-11-08 00:54:26.597669,TRADE,6003.5,9
2024-11-08 00:54:31.123657,TRADE,6003.75,1
2024-11-08 00:54:31.123702,TRADE,6003.75,2
2024-11-08 00:54:31.123782,TRADE,6003.75,2
2024-11-08 00:54:35.713573,TRADE,6003.75,11
2024-11-08 00:54:38.739447,TRADE,6003.75,4
2024-11-08 00:54:38.774502,TRADE,6004.0,11
2024-11-08 00:54:46.295238,TRADE,6003.75,1
2024-11-08 00:54:47.417791,TRADE,6003.75,1
2024-11-08 00:54:50.657552,TRADE,6003.75,2
2024-11-08 00:55:00.143368,TRADE,6003.75,1
2024-11-08 00:55:00.764446,TRADE,6003.75,1
2024-11-08 00:55:00.764640,TRADE,6003.75,1
2024-11-08 00:55:00.764795,TRADE,6003.75,1
2024-11-08 00:55:00.764907,TRADE,6003.75,1
2024-11-08 00:55:00.765093,TRADE,6003.75,1
2024-11-08 00:55:01.283003,TRADE,6004.0,1
2024-11-08 00:55:02.071195,TRADE,6003.75,1
2024-11-08 00:55:02.071420,TRADE,6003.75,1
2024-11-08 00:55:02.770723,TRADE,6003.75,2
2024-11-08 00:55:05.230580,TRADE,6003.75,1
2024-11-08 00:55:13.467709,TRADE,6003.5,3
2024-11-08 00:55:13.492969,TRADE,6003.5,1
2024-11-08 00:55:15.572677,TRADE,6003.5,1
2024-11-08 00:55:15.580236,TRADE,6003.5,1
2024-11-08 00:55:15.580444,TRADE,6003.5,1
2024-11-08 00:55:15.580634,TRADE,6003.5,1
2024-11-08 00:55:18.977617,TRADE,6003.5,1
2024-11-08 00:55:50.073259,TRADE,6003.5,1
2024-11-08 00:55:51.448522,TRADE,6003.5,1
2024-11-08 00:55:55.233871,TRADE,6003.5,1
2024-11-08 00:55:57.433341,TRADE,6003.5,1
2024-11-08 00:56:04.437736,TRADE,6003.5,4
2024-11-08 00:56:08.697375,TRADE,6003.5,1
2024-11-08 00:56:11.997124,TRADE,6003.5,1
2024-11-08 00:56:13.184503,TRADE,6003.75,1
2024-11-08 00:56:15.555210,TRADE,6003.5,1
2024-11-08 00:56:20.684798,TRADE,6003.5,2
2024-11-08 00:56:20.684995,TRADE,6003.5,1
2024-11-08 00:56:20.685398,TRADE,6003.5,6
2024-11-08 00:56:20.685605,TRADE,6003.5,1
2024-11-08 00:56:20.685707,TRADE,6003.5,1
2024-11-08 00:56:20.685812,TRADE,6003.5,1
2024-11-08 00:56:20.685908,TRADE,6003.5,2
2024-11-08 00:56:22.969433,TRADE,6003.5,1
2024-11-08 00:56:25.089486,TRADE,6003.5,1
2024-11-08 00:56:25.089681,TRADE,6003.5,2
2024-11-08 00:56:32.394526,TRADE,6003.5,1
2024-11-08 00:56:32.860538,TRADE,6003.5,3
2024-11-08 00:56:32.860791,TRADE,6003.5,4
2024-11-08 00:56:32.861577,TRADE,6003.5,1
2024-11-08 00:56:33.367453,TRADE,6003.5,1
2024-11-08 00:56:36.029903,TRADE,6003.25,1
2024-11-08 00:56:38.178859,TRADE,6003.5,4
2024-11-08 00:56:39.268304,TRADE,6003.5,1
2024-11-08 00:56:39.268475,TRADE,6003.5,1
2024-11-08 00:56:39.268508,TRADE,6003.5,1
2024-11-08 00:56:39.268847,TRADE,6003.5,2
2024-11-08 00:56:39.269049,TRADE,6003.5,1
2024-11-08 00:56:39.296396,TRADE,6003.5,1
2024-11-08 00:56:40.328504,TRADE,6003.5,1
2024-11-08 00:56:40.865548,TRADE,6003.5,1
2024-11-08 00:56:41.012321,TRADE,6003.5,1
2024-11-08 00:56:43.008578,TRADE,6003.75,1
2024-11-08 00:56:43.848087,TRADE,6003.5,1
2024-11-08 00:56:44.880092,TRADE,6003.5,1
2024-11-08 00:56:44.880307,TRADE,6003.5,1
2024-11-08 00:56:48.229619,TRADE,6003.5,1
2024-11-08 00:56:48.229798,TRADE,6003.5,1
2024-11-08 00:56:48.229819,TRADE,6003.5,1
2024-11-08 00:56:48.230049,TRADE,6003.5,1
2024-11-08 00:56:48.230223,TRADE,6003.5,1
2024-11-08 00:56:50.115704,TRADE,6003.5,1
2024-11-08 00:56:51.964169,TRADE,6003.25,1
2024-11-08 00:56:55.644274,TRADE,6003.75,2
2024-11-08 00:57:02.673158,TRADE,6003.75,1
2024-11-08 00:57:05.382718,TRADE,6003.5,2
2024-11-08 00:57:06.102967,TRADE,6003.5,1
2024-11-08 00:57:06.104440,TRADE,6003.5,1
2024-11-08 00:57:06.104608,TRADE,6003.5,1
2024-11-08 00:57:06.104669,TRADE,6003.5,1
2024-11-08 00:57:06.104669,TRADE,6003.5,1
2024-11-08 00:57:06.104852,TRADE,6003.5,1
2024-11-08 00:57:06.106552,TRADE,6003.5,1
2024-11-08 00:57:14.713090,TRADE,6003.5,3
2024-11-08 00:57:21.916243,TRADE,6003.5,9
2024-11-08 00:57:21.916243,TRADE,6003.25,16
2024-11-08 00:57:23.571853,TRADE,6003.5,1
2024-11-08 00:57:23.572026,TRADE,6003.5,1
2024-11-08 00:57:23.572074,TRADE,6003.5,1
2024-11-08 00:57:26.396454,TRADE,6003.5,1
2024-11-08 00:57:33.367842,TRADE,6003.75,1
2024-11-08 00:57:36.513008,TRADE,6003.75,1
2024-11-08 00:57:37.704190,TRADE,6003.75,26
2024-11-08 00:57:37.770721,TRADE,6004.0,10
2024-11-08 00:57:38.933891,TRADE,6004.0,1
2024-11-08 00:57:39.148041,TRADE,6003.75,1
2024-11-08 00:57:39.148290,TRADE,6003.75,5
2024-11-08 00:57:39.148967,TRADE,6003.75,1
2024-11-08 00:57:40.550821,TRADE,6003.75,1
2024-11-08 00:57:42.940070,TRADE,6003.5,4
2024-11-08 00:57:47.348244,TRADE,6003.75,1
2024-11-08 00:57:50.347024,TRADE,6003.75,1
2024-11-08 00:58:01.553546,TRADE,6003.5,3
2024-11-08 00:58:01.553614,TRADE,6003.5,1
2024-11-08 00:58:01.553614,TRADE,6003.5,1
2024-11-08 00:58:01.553715,TRADE,6003.5,2
2024-11-08 00:58:01.553715,TRADE,6003.5,1
2024-11-08 00:58:01.553715,TRADE,6003.5,2
2024-11-08 00:58:01.553820,TRADE,6003.5,1
2024-11-08 00:58:01.554022,TRADE,6003.5,1
2024-11-08 00:58:01.554022,TRADE,6003.5,1
2024-11-08 00:58:01.554022,TRADE,6003.5,1
2024-11-08 00:58:01.554022,TRADE,6003.5,2
2024-11-08 00:58:01.554143,TRADE,6003.5,2
2024-11-08 00:58:01.554422,TRADE,6003.5,1
2024-11-08 00:58:01.554778,TRADE,6003.5,1
2024-11-08 00:58:07.015058,TRADE,6003.75,1
2024-11-08 00:58:07.015258,TRADE,6003.75,2
2024-11-08 00:58:07.563602,TRADE,6003.75,1
2024-11-08 00:58:07.563670,TRADE,6003.75,1
2024-11-08 00:58:07.563670,TRADE,6003.75,1
2024-11-08 00:58:07.563769,TRADE,6003.75,1
2024-11-08 00:58:07.563769,TRADE,6003.75,2
2024-11-08 00:58:07.563858,TRADE,6003.75,26
2024-11-08 00:58:07.566017,TRADE,6003.75,1
2024-11-08 00:58:07.566214,TRADE,6003.75,1
2024-11-08 00:58:07.566276,TRADE,6003.75,1
2024-11-08 00:58:07.566276,TRADE,6003.75,1
2024-11-08 00:58:10.643515,TRADE,6003.5,1
2024-11-08 00:58:11.297307,TRADE,6003.5,1
2024-11-08 00:58:20.150465,TRADE,6003.75,1
2024-11-08 00:58:23.848874,TRADE,6003.5,3
2024-11-08 00:58:25.551272,TRADE,6003.5,1
2024-11-08 00:58:26.483528,TRADE,6003.5,1
2024-11-08 00:58:26.944761,TRADE,6003.75,1
2024-11-08 00:58:34.815292,TRADE,6003.75,1
2024-11-08 00:58:38.128598,TRADE,6003.5,1
2024-11-08 00:58:41.664028,TRADE,6003.5,2
2024-11-08 00:58:41.664165,TRADE,6003.5,3
2024-11-08 00:58:41.664260,TRADE,6003.5,9
2024-11-08 00:58:41.664333,TRADE,6003.5,3
2024-11-08 00:58:41.664488,TRADE,6003.5,2
2024-11-08 00:58:41.664577,TRADE,6003.5,1
2024-11-08 00:58:41.664631,TRADE,6003.5,1
2024-11-08 00:58:41.664631,TRADE,6003.5,1
2024-11-08 00:58:41.664670,TRADE,6003.5,1
2024-11-08 00:58:41.717475,TRADE,6003.5,2
2024-11-08 00:58:42.855717,TRADE,6003.75,2
2024-11-08 00:58:42.855989,TRADE,6003.75,3
2024-11-08 00:58:45.608356,TRADE,6004.0,1
2024-11-08 00:58:47.092559,TRADE,6003.75,1
2024-11-08 00:58:53.755459,TRADE,6004.0,1
2024-11-08 00:58:53.755636,TRADE,6004.0,1
2024-11-08 00:58:53.755685,TRADE,6004.0,1
2024-11-08 00:58:53.858285,TRADE,6003.75,1
2024-11-08 00:58:54.184874,TRADE,6004.0,2
2024-11-08 00:58:55.431912,TRADE,6003.75,11
2024-11-08 00:58:56.374750,TRADE,6003.75,8
2024-11-08 00:58:57.490672,TRADE,6003.5,1
2024-11-08 00:59:07.750993,TRADE,6003.5,6
2024-11-08 00:59:21.082311,TRADE,6003.5,1
2024-11-08 00:59:23.087922,TRADE,6003.5,1
2024-11-08 00:59:23.130395,TRADE,6003.75,5
2024-11-08 00:59:26.620321,TRADE,6003.75,5
2024-11-08 00:59:28.496938,TRADE,6003.5,1
2024-11-08 00:59:33.483496,TRADE,6003.5,1
2024-11-08 00:59:34.826587,TRADE,6003.5,11
2024-11-08 00:59:34.827162,TRADE,6003.5,1
2024-11-08 00:59:41.031056,TRADE,6003.5,1
2024-11-08 00:59:41.085740,TRADE,6003.5,1
2024-11-08 00:59:41.085905,TRADE,6003.5,1
2024-11-08 00:59:41.086075,TRADE,6003.5,13
2024-11-08 00:59:41.090727,TRADE,6003.5,1
2024-11-08 00:59:47.894186,TRADE,6003.5,5
2024-11-08 00:59:47.894279,TRADE,6003.5,6
2024-11-08 00:59:47.894315,TRADE,6003.5,1
2024-11-08 00:59:47.896661,TRADE,6003.5,6
2024-11-08 00:59:49.106906,TRADE,6003.5,1
2024-11-08 00:59:49.107004,TRADE,6003.5,2
2024-11-08 00:59:49.107854,TRADE,6003.5,4
2024-11-08 00:59:49.108027,TRADE,6003.5,2
2024-11-08 00:59:49.108086,TRADE,6003.5,2
2024-11-08 00:59:49.638373,TRADE,6003.25,5
2024-11-08 00:59:50.370083,TRADE,6003.25,1
2024-11-08 00:59:50.766210,TRADE,6003.5,2
2024-11-08 00:59:50.766241,TRADE,6003.5,1
2024-11-08 00:59:50.766428,TRADE,6003.5,2
2024-11-08 00:59:50.766495,TRADE,6003.5,4
2024-11-08 00:59:50.766535,TRADE,6003.5,1
2024-11-08 00:59:50.766595,TRADE,6003.5,1
2024-11-08 00:59:50.768745,TRADE,6003.5,4
2024-11-08 00:59:50.768905,TRADE,6003.5,1
2024-11-08 00:59:50.768951,TRADE,6003.5,1
2024-11-08 00:59:52.476795,TRADE,6003.5,1
2024-11-08 00:59:52.764296,TRADE,6003.5,2
2024-11-08 00:59:52.787313,TRADE,6003.5,2
2024-11-08 00:59:53.004486,TRADE,6003.5,3
2024-11-08 00:59:53.004710,TRADE,6003.5,1
2024-11-08 00:59:53.005054,TRADE,6003.5,1
2024-11-08 00:59:53.005089,TRADE,6003.5,1
2024-11-08 00:59:53.150399,TRADE,6003.5,4
2024-11-08 00:59:55.003504,TRADE,6003.5,3
2024-11-08 00:59:55.012197,TRADE,6003.5,1
2024-11-08 00:59:55.013814,TRADE,6003.5,1
2024-11-08 00:59:56.312613,TRADE,6003.5,1
2024-11-08 00:59:57.193245,TRADE,6003.5,3
2024-11-08 00:59:57.193553,TRADE,6003.75,2
2024-11-08 00:59:57.193798,TRADE,6003.75,35
2024-11-08 00:59:57.194565,TRADE,6003.75,3
2024-11-08 00:59:57.194779,TRADE,6003.75,3
2024-11-08 00:59:57.194956,TRADE,6003.75,1
2024-11-08 00:59:57.195038,TRADE,6003.75,1
2024-11-08 00:59:57.199307,TRADE,6003.75,1
2024-11-08 00:59:58.235768,TRADE,6003.75,2
2024-11-08 00:59:58.235768,TRADE,6004.0,37
2024-11-08 00:59:58.235768,TRADE,6004.25,19
2024-11-08 00:59:58.235833,TRADE,6004.25,1
2024-11-08 00:59:58.236707,TRADE,6003.75,1
2024-11-08 00:59:58.237102,TRADE,6003.75,3
2024-11-08 00:59:58.237330,TRADE,6003.75,10
2024-11-08 00:59:58.237449,TRADE,6003.75,2
2024-11-08 00:59:58.237873,TRADE,6003.75,1
2024-11-08 00:59:58.901583,TRADE,6003.75,2
2024-11-08 00:59:58.901796,TRADE,6003.75,1
2024-11-08 00:59:58.901836,TRADE,6003.75,1
2024-11-08 00:59:59.475908,TRADE,6003.75,1
2024-11-08 01:00:00.124087,TRADE,6004.0,1
2024-11-08 01:00:00.391899,TRADE,6003.75,1
2024-11-08 01:00:00.776729,TRADE,6003.75,2
2024-11-08 01:00:00.859065,TRADE,6004.0,1
2024-11-08 01:00:01.549088,TRADE,6003.75,8
2024-11-08 01:00:01.549292,TRADE,6003.75,10
2024-11-08 01:00:06.641684,TRADE,6003.5,1
2024-11-08 01:00:06.641968,TRADE,6003.5,9
2024-11-08 01:00:09.377609,TRADE,6003.5,4
2024-11-08 01:00:09.377750,TRADE,6003.5,1
2024-11-08 01:00:09.377855,TRADE,6003.5,2
2024-11-08 01:00:09.378156,TRADE,6003.5,1
2024-11-08 01:00:09.378191,TRADE,6003.5,1
2024-11-08 01:00:09.378889,TRADE,6003.5,1
2024-11-08 01:00:09.379111,TRADE,6003.5,1
2024-11-08 01:00:09.379153,TRADE,6003.5,1
2024-11-08 01:00:17.403121,TRADE,6003.25,1
2024-11-08 01:00:18.634620,TRADE,6003.25,1
2024-11-08 01:00:21.098116,TRADE,6003.25,8
2024-11-08 01:00:21.098489,TRADE,6003.25,8
2024-11-08 01:00:21.407656,TRADE,6003.0,1
2024-11-08 01:00:21.407672,TRADE,6003.0,1
2024-11-08 01:00:21.407672,TRADE,6003.0,1
2024-11-08 01:00:21.407672,TRADE,6003.0,2
2024-11-08 01:00:21.407672,TRADE,6003.0,1
2024-11-08 01:00:21.407672,TRADE,6003.0,3
2024-11-08 01:00:21.425849,TRADE,6003.0,1
2024-11-08 01:00:21.431008,TRADE,6003.25,1
2024-11-08 01:00:21.536704,TRADE,6003.25,1
2024-11-08 01:00:21.773949,TRADE,6003.0,1
2024-11-08 01:00:25.507776,TRADE,6003.0,3
2024-11-08 01:00:25.735673,TRADE,6003.0,1
2024-11-08 01:00:26.041955,TRADE,6003.25,1
2024-11-08 01:00:26.042138,TRADE,6003.25,1
2024-11-08 01:00:26.042166,TRADE,6003.25,1
2024-11-08 01:00:26.042243,TRADE,6003.25,2
2024-11-08 01:00:26.042382,TRADE,6003.25,12
2024-11-08 01:00:26.537613,TRADE,6003.5,1
2024-11-08 01:00:26.537667,TRADE,6003.5,2
2024-11-08 01:00:26.537729,TRADE,6003.5,1
2024-11-08 01:00:26.538049,TRADE,6003.5,1
2024-11-08 01:00:26.538138,TRADE,6003.5,2
2024-11-08 01:00:27.378087,TRADE,6003.5,1
2024-11-08 01:00:27.671287,TRADE,6003.5,1
2024-11-08 01:00:27.671876,TRADE,6003.5,2
2024-11-08 01:00:29.241870,TRADE,6003.5,2
2024-11-08 01:00:32.098020,TRADE,6003.5,1
2024-11-08 01:00:32.431121,TRADE,6003.5,7
2024-11-08 01:00:41.802708,TRADE,6003.25,4
2024-11-08 01:00:41.802808,TRADE,6003.25,2
2024-11-08 01:00:41.802808,TRADE,6003.25,3
2024-11-08 01:00:41.802844,TRADE,6003.25,1
2024-11-08 01:00:41.803441,TRADE,6003.25,6
2024-11-08 01:00:41.803628,TRADE,6003.25,1
2024-11-08 01:00:41.803664,TRADE,6003.25,1
2024-11-08 01:00:41.803719,TRADE,6003.25,1
2024-11-08 01:00:42.308664,TRADE,6003.25,1
2024-11-08 01:00:43.069586,TRADE,6003.25,4
2024-11-08 01:00:46.502026,TRADE,6003.5,7
2024-11-08 01:00:48.591864,TRADE,6003.25,4
2024-11-08 01:00:48.592273,TRADE,6003.25,1
2024-11-08 01:00:49.852835,TRADE,6003.25,3
2024-11-08 01:00:50.123599,TRADE,6003.25,2
2024-11-08 01:00:50.123674,TRADE,6003.25,1
2024-11-08 01:00:50.123674,TRADE,6003.25,2
2024-11-08 01:00:50.123839,TRADE,6003.25,4
2024-11-08 01:00:50.175479,TRADE,6003.25,2
2024-11-08 01:00:50.558717,TRADE,6003.25,1
2024-11-08 01:00:56.413815,TRADE,6003.25,10
2024-11-08 01:00:56.415481,TRADE,6003.25,1
2024-11-08 01:00:56.415712,TRADE,6003.25,1
2024-11-08 01:00:56.416076,TRADE,6003.25,1
2024-11-08 01:00:57.525738,TRADE,6003.25,2
2024-11-08 01:01:04.353562,TRADE,6003.0,3
2024-11-08 01:01:04.353623,TRADE,6003.0,1
2024-11-08 01:01:04.353623,TRADE,6003.0,2
2024-11-08 01:01:04.353683,TRADE,6003.0,2
2024-11-08 01:01:04.353683,TRADE,6003.0,1
2024-11-08 01:01:04.353720,TRADE,6003.0,1
2024-11-08 01:01:05.242643,TRADE,6003.0,1
2024-11-08 01:01:08.684819,TRADE,6003.0,5
2024-11-08 01:01:10.168787,TRADE,6003.25,2
2024-11-08 01:01:10.168844,TRADE,6003.25,1
2024-11-08 01:01:10.168844,TRADE,6003.25,1
2024-11-08 01:01:10.168921,TRADE,6003.25,1
2024-11-08 01:01:10.168921,TRADE,6003.25,1
2024-11-08 01:01:10.168964,TRADE,6003.25,1
2024-11-08 01:01:11.380800,TRADE,6003.25,1
2024-11-08 01:01:11.380991,TRADE,6003.25,1
2024-11-08 01:01:11.402199,TRADE,6003.0,1
2024-11-08 01:01:24.974497,TRADE,6003.0,2
2024-11-08 01:01:24.974534,TRADE,6003.0,1
2024-11-08 01:01:24.975160,TRADE,6003.0,1
2024-11-08 01:01:24.975232,TRADE,6003.0,1
2024-11-08 01:01:24.975473,TRADE,6003.0,1
2024-11-08 01:01:24.975602,TRADE,6003.0,1
2024-11-08 01:01:30.665287,TRADE,6003.0,1
2024-11-08 01:01:34.330825,TRADE,6003.0,1
2024-11-08 01:01:36.260181,TRADE,6003.25,4
2024-11-08 01:01:36.260749,TRADE,6003.25,1
2024-11-08 01:01:36.260786,TRADE,6003.25,1
2024-11-08 01:01:38.734201,TRADE,6003.0,10
2024-11-08 01:01:39.349002,TRADE,6003.0,1
2024-11-08 01:01:39.350850,TRADE,6003.0,1
2024-11-08 01:01:40.639175,TRADE,6003.0,1
2024-11-08 01:01:42.808331,TRADE,6003.0,1
2024-11-08 01:01:45.464717,TRADE,6003.25,2
2024-11-08 01:01:47.318054,TRADE,6003.0,1
2024-11-08 01:01:47.402435,TRADE,6003.0,1
2024-11-08 01:01:49.041339,TRADE,6003.0,3
2024-11-08 01:01:57.516241,TRADE,6003.0,3
2024-11-08 01:01:57.516451,TRADE,6003.0,1
2024-11-08 01:01:59.629211,TRADE,6003.0,6
2024-11-08 01:02:00.123978,TRADE,6003.0,1
2024-11-08 01:02:01.941970,TRADE,6003.0,3
2024-11-08 01:02:01.942442,TRADE,6003.0,4
2024-11-08 01:02:05.402736,TRADE,6003.0,1
2024-11-08 01:02:10.639554,TRADE,6003.0,1
2024-11-08 01:02:17.104973,TRADE,6003.0,1
2024-11-08 01:02:22.091783,TRADE,6003.0,1
2024-11-08 01:02:23.255335,TRADE,6003.0,1
2024-11-08 01:02:23.401814,TRADE,6003.0,1
2024-11-08 01:02:26.992167,TRADE,6003.0,2
2024-11-08 01:02:47.230436,TRADE,6003.0,5
2024-11-08 01:02:47.231012,TRADE,6003.0,1
2024-11-08 01:02:47.231241,TRADE,6003.0,2
2024-11-08 01:02:47.231309,TRADE,6003.0,1
2024-11-08 01:02:47.231382,TRADE,6003.0,1
2024-11-08 01:02:47.598199,TRADE,6003.0,1
2024-11-08 01:02:48.026898,TRADE,6003.25,14
2024-11-08 01:02:48.402051,TRADE,6003.25,1
2024-11-08 01:02:51.036297,TRADE,6003.25,5
2024-11-08 01:02:52.016119,TRADE,6003.25,2
2024-11-08 01:02:53.192331,TRADE,6003.0,1
2024-11-08 01:03:02.004425,TRADE,6003.0,11
2024-11-08 01:03:06.159450,TRADE,6003.0,1
2024-11-08 01:03:06.810005,TRADE,6003.0,1
2024-11-08 01:03:08.540733,TRADE,6003.0,1
2024-11-08 01:03:09.643061,TRADE,6002.75,1
2024-11-08 01:03:09.643075,TRADE,6002.75,1
2024-11-08 01:03:09.643075,TRADE,6002.75,1
2024-11-08 01:03:09.643075,TRADE,6002.75,1
2024-11-08 01:03:09.665203,TRADE,6002.75,1
2024-11-08 01:03:17.402624,TRADE,6002.75,1
2024-11-08 01:03:18.006695,TRADE,6002.75,2
2024-11-08 01:03:23.531364,TRADE,6002.75,1
2024-11-08 01:03:23.531532,TRADE,6002.75,1
2024-11-08 01:03:23.531555,TRADE,6002.75,1
2024-11-08 01:03:24.085572,TRADE,6002.75,1
2024-11-08 01:03:24.085778,TRADE,6002.75,3
2024-11-08 01:03:24.085839,TRADE,6002.75,2
2024-11-08 01:03:24.166028,TRADE,6002.75,1
2024-11-08 01:03:24.166243,TRADE,6002.75,2
2024-11-08 01:03:24.536405,TRADE,6002.75,1
2024-11-08 01:03:29.938352,TRADE,6002.75,9
2024-11-08 01:03:30.254569,TRADE,6002.75,1
2024-11-08 01:03:30.254741,TRADE,6002.75,1
2024-11-08 01:03:30.365814,TRADE,6002.75,2
2024-11-08 01:03:30.366012,TRADE,6002.75,1
2024-11-08 01:03:31.569185,TRADE,6002.75,8
2024-11-08 01:03:32.586811,TRADE,6002.75,1
2024-11-08 01:03:35.129852,TRADE,6002.5,1
2024-11-08 01:03:44.190394,TRADE,6002.75,1
2024-11-08 01:03:46.974114,TRADE,6002.5,17
2024-11-08 01:03:46.994542,TRADE,6002.25,13
2024-11-08 01:03:46.994555,TRADE,6002.0,1
2024-11-08 01:03:46.994555,TRADE,6002.0,1
2024-11-08 01:03:46.994555,TRADE,6002.0,2
2024-11-08 01:03:47.054835,TRADE,6002.25,2
2024-11-08 01:03:47.526797,TRADE,6002.0,6
2024-11-08 01:03:49.467697,TRADE,6002.25,1
2024-11-08 01:03:52.127327,TRADE,6002.25,20
2024-11-08 01:03:52.237017,TRADE,6002.5,1
2024-11-08 01:03:53.203800,TRADE,6002.5,1
2024-11-08 01:03:53.203969,TRADE,6002.5,1
2024-11-08 01:03:53.204012,TRADE,6002.5,1
2024-11-08 01:03:53.204078,TRADE,6002.5,2
2024-11-08 01:03:55.452185,TRADE,6002.75,5
2024-11-08 01:03:57.758374,TRADE,6002.75,1
2024-11-08 01:04:00.065351,TRADE,6003.0,1
2024-11-08 01:04:00.472653,TRADE,6003.0,1
2024-11-08 01:04:00.494892,TRADE,6002.75,1
2024-11-08 01:04:02.119817,TRADE,6003.0,2
2024-11-08 01:04:09.323088,TRADE,6003.0,1
2024-11-08 01:04:09.949435,TRADE,6002.75,2
2024-11-08 01:04:11.182982,TRADE,6003.0,1
2024-11-08 01:04:11.401971,TRADE,6002.75,1
2024-11-08 01:04:12.923703,TRADE,6002.75,1
2024-11-08 01:04:17.230831,TRADE,6003.0,25
2024-11-08 01:04:19.228577,TRADE,6003.0,1
2024-11-08 01:04:25.185714,TRADE,6003.25,1
2024-11-08 01:04:26.087334,TRADE,6003.0,1
2024-11-08 01:04:28.452869,TRADE,6003.25,5
2024-11-08 01:04:29.368840,TRADE,6003.25,2
2024-11-08 01:04:36.030404,TRADE,6003.0,1
2024-11-08 01:04:42.466927,TRADE,6003.0,1
2024-11-08 01:04:46.610091,TRADE,6003.25,3
2024-11-08 01:04:46.610588,TRADE,6003.25,7
2024-11-08 01:04:46.610879,TRADE,6003.25,1
2024-11-08 01:04:46.880392,TRADE,6003.25,5
2024-11-08 01:04:46.880600,TRADE,6003.25,1
2024-11-08 01:04:46.880953,TRADE,6003.25,1
2024-11-08 01:04:47.121170,TRADE,6003.5,1
2024-11-08 01:04:49.714500,TRADE,6003.25,6
2024-11-08 01:04:49.714951,TRADE,6003.25,1
2024-11-08 01:04:50.724491,TRADE,6003.25,1
2024-11-08 01:04:50.724656,TRADE,6003.25,2
2024-11-08 01:04:50.724692,TRADE,6003.25,1
2024-11-08 01:04:50.724994,TRADE,6003.25,1
2024-11-08 01:04:50.725053,TRADE,6003.25,2
2024-11-08 01:04:50.725095,TRADE,6003.25,1
2024-11-08 01:04:51.907678,TRADE,6003.0,1
2024-11-08 01:04:53.026748,TRADE,6003.0,12
2024-11-08 01:05:10.051589,TRADE,6002.75,1
2024-11-08 01:05:11.090330,TRADE,6002.75,2
2024-11-08 01:05:11.090536,TRADE,6002.75,2
2024-11-08 01:05:11.540833,TRADE,6002.75,1
2024-11-08 01:05:11.541010,TRADE,6002.75,1
2024-11-08 01:05:12.318009,TRADE,6002.75,1
2024-11-08 01:05:12.318184,TRADE,6002.75,3
2024-11-08 01:05:12.318213,TRADE,6002.75,1
2024-11-08 01:05:12.318257,TRADE,6002.75,1
2024-11-08 01:05:12.318393,TRADE,6002.75,4
2024-11-08 01:05:12.318614,TRADE,6002.75,1
2024-11-08 01:05:12.320892,TRADE,6002.75,1
2024-11-08 01:05:15.728123,TRADE,6002.75,2
2024-11-08 01:05:15.728551,TRADE,6002.75,1
2024-11-08 01:05:15.728705,TRADE,6002.75,1
2024-11-08 01:05:17.329124,TRADE,6002.75,1
2024-11-08 01:05:18.121158,TRADE,6002.75,1
2024-11-08 01:05:18.357705,TRADE,6002.75,1
2024-11-08 01:05:21.165007,TRADE,6003.0,2
2024-11-08 01:05:21.165082,TRADE,6003.0,3
2024-11-08 01:05:21.165082,TRADE,6003.0,1
2024-11-08 01:05:22.430186,TRADE,6003.25,1
2024-11-08 01:05:22.614799,TRADE,6003.25,1
2024-11-08 01:05:27.858847,TRADE,6003.25,1
2024-11-08 01:05:31.096454,TRADE,6003.0,1
2024-11-08 01:05:37.583579,TRADE,6003.25,1
2024-11-08 01:05:40.035048,TRADE,6003.25,1
2024-11-08 01:05:41.401861,TRADE,6003.0,1
2024-11-08 01:05:45.049478,TRADE,6003.25,5
2024-11-08 01:05:47.982753,TRADE,6003.25,2
2024-11-08 01:05:47.982777,TRADE,6003.25,2
2024-11-08 01:05:47.982912,TRADE,6003.25,3
2024-11-08 01:05:47.982985,TRADE,6003.25,2
2024-11-08 01:05:47.983029,TRADE,6003.25,2
2024-11-08 01:05:47.983168,TRADE,6003.25,2
2024-11-08 01:05:47.985680,TRADE,6003.25,1
2024-11-08 01:05:47.985919,TRADE,6003.25,1
2024-11-08 01:05:48.902092,TRADE,6003.25,2
2024-11-08 01:06:02.383381,TRADE,6003.5,1
2024-11-08 01:06:02.384079,TRADE,6003.5,5
2024-11-08 01:06:02.384345,TRADE,6003.5,1
2024-11-08 01:06:03.549220,TRADE,6003.75,1
2024-11-08 01:06:03.600270,TRADE,6003.75,4
2024-11-08 01:06:03.600692,TRADE,6003.75,2
2024-11-08 01:06:05.440712,TRADE,6003.75,3
2024-11-08 01:06:16.118703,TRADE,6004.0,1
2024-11-08 01:06:16.118716,TRADE,6004.0,5
2024-11-08 01:06:17.236219,TRADE,6004.0,3
2024-11-08 01:06:17.236274,TRADE,6004.0,2
2024-11-08 01:06:17.236365,TRADE,6004.0,2
2024-11-08 01:06:17.236482,TRADE,6004.0,3
