time,type,price,size
2024-09-01 22:00:04.452124,TRADE,5719.0,1
2024-09-01 22:00:06.543009,TRADE,5719.25,1
2024-09-01 22:00:06.747184,TRADE,5719.5,1
2024-09-01 22:00:11.669102,TRADE,5719.75,1
2024-09-01 22:00:17.253920,TRADE,5718.5,1
2024-09-01 22:00:17.634736,TRADE,5718.75,1
2024-09-01 22:00:17.877561,TRADE,5719.0,1
2024-09-01 22:00:19.876983,TRADE,5718.25,1
2024-09-01 22:00:20.515538,TRADE,5719.25,1
2024-09-01 22:00:20.603623,TRADE,5719.5,1
2024-09-01 22:00:23.324138,TRADE,5719.75,1
2024-09-01 22:01:14.857512,TRADE,5720.0,1
2024-09-01 22:01:14.859904,TRADE,5720.0,1
2024-09-01 22:04:09.166210,TRADE,5721.0,2
2024-09-01 22:04:09.166210,TRADE,5721.25,1
2024-09-01 22:04:09.166210,TRADE,5721.5,1
2024-09-01 22:04:41.299101,TRADE,5721.0,1
2024-09-01 22:11:20.508537,TRADE,5717.75,2
2024-09-01 22:11:20.508537,TRADE,5717.5,2
2024-09-01 22:13:01.845661,TRADE,5716.25,1
2024-09-01 22:17:41.160251,TRADE,5718.5,3
2024-09-01 22:17:41.160251,TRADE,5718.75,1
2024-09-01 22:21:31.660246,TRADE,5717.75,2
2024-09-01 22:22:39.861590,TRADE,5717.5,1
2024-09-01 22:27:07.335634,TRADE,5717.25,1
2024-09-01 22:38:15.561661,TRADE,5716.75,1
2024-09-01 22:38:36.116561,TRADE,5715.75,2
2024-09-01 22:41:44.723065,TRADE,5715.75,1
2024-09-01 22:41:56.163518,TRADE,5715.75,1
2024-09-01 22:47:30.802150,TRADE,5714.5,1
2024-09-01 22:47:30.802150,TRADE,5714.25,1
2024-09-01 22:57:36.362324,TRADE,5714.5,3
2024-09-01 22:57:36.362324,TRADE,5714.75,1
2024-09-01 22:57:45.230859,TRADE,5714.5,1
2024-09-01 23:03:07.547074,TRADE,5714.25,1
2024-09-01 23:03:10.849007,TRADE,5714.25,2
2024-09-01 23:09:48.457860,TRADE,5715.0,1
2024-09-01 23:25:50.758506,TRADE,5715.5,2
2024-09-01 23:28:25.435043,TRADE,5715.5,1
2024-09-01 23:28:25.435221,TRADE,5715.5,1
2024-09-01 23:29:00.392520,TRADE,5715.5,1
2024-09-01 23:29:59.547303,TRADE,5715.0,1
2024-09-02 00:07:34.463257,TRADE,5714.25,1
2024-09-02 00:38:52.517108,TRADE,5717.5,1
2024-09-02 00:51:36.260031,TRADE,5718.0,3
2024-09-02 00:51:36.260177,TRADE,5718.0,6
2024-09-02 00:51:36.260579,TRADE,5718.0,1
2024-09-02 00:56:16.241105,TRADE,5719.25,1
2024-09-02 01:08:54.707495,TRADE,5720.0,1
2024-09-02 01:19:28.261666,TRADE,5719.75,2
2024-09-02 01:25:09.105038,TRADE,5720.5,1
2024-09-02 01:25:24.062774,TRADE,5721.0,1
2024-09-02 01:47:06.321578,TRADE,5721.0,2
2024-09-02 01:47:06.903128,TRADE,5721.0,1
2024-09-02 02:18:02.417441,TRADE,5715.5,1
2024-09-02 02:18:02.417451,TRADE,5715.5,1
2024-09-02 02:18:02.417604,TRADE,5715.5,2
2024-09-02 02:18:09.495608,TRADE,5715.0,1
2024-09-02 02:23:53.812547,TRADE,5715.25,2
2024-09-02 02:27:07.809868,TRADE,5715.25,1
2024-09-02 02:29:10.092599,TRADE,5715.25,1
2024-09-02 02:29:10.092788,TRADE,5715.25,1
2024-09-02 02:47:35.110470,TRADE,5716.5,4
2024-09-02 03:34:18.448840,TRADE,5714.25,2
2024-09-02 03:37:59.251391,TRADE,5712.75,1
2024-09-02 03:43:26.255800,TRADE,5712.75,2
2024-09-02 03:46:12.524251,TRADE,5713.5,2
2024-09-02 03:46:12.524251,TRADE,5713.25,1
2024-09-02 03:46:12.524251,TRADE,5713.0,2
2024-09-02 04:02:04.711199,TRADE,5714.25,1
2024-09-02 04:06:18.340500,TRADE,5714.25,1
2024-09-02 04:10:53.921294,TRADE,5712.0,1
2024-09-02 04:10:53.921567,TRADE,5712.0,2
2024-09-02 04:14:07.861937,TRADE,5710.75,1
2024-09-02 04:14:07.861983,TRADE,5710.75,2
2024-09-02 05:05:47.229923,TRADE,5714.75,1
2024-09-02 05:18:47.307795,TRADE,5713.5,5
2024-09-02 05:18:47.307795,TRADE,5713.25,2
2024-09-02 05:18:47.307795,TRADE,5713.0,1
2024-09-02 05:40:38.901382,TRADE,5717.5,3
2024-09-02 05:40:38.901382,TRADE,5717.25,1
2024-09-02 05:45:26.325138,TRADE,5717.0,1
2024-09-02 05:51:10.787871,TRADE,5716.75,2
2024-09-02 06:00:17.276086,TRADE,5714.25,1
2024-09-02 06:03:13.561338,TRADE,5714.75,1
2024-09-02 06:13:44.726672,TRADE,5711.5,1
2024-09-02 06:43:07.787490,TRADE,5712.0,1
2024-09-02 07:01:56.299577,TRADE,5709.5,1
2024-09-02 07:02:00.178500,TRADE,5709.25,2
2024-09-02 07:02:00.178500,TRADE,5709.25,1
2024-09-02 07:02:00.178562,TRADE,5709.25,1
2024-09-02 07:02:00.178562,TRADE,5709.25,2
2024-09-02 07:02:20.473791,TRADE,5709.25,1
2024-09-02 07:02:47.527620,TRADE,5710.0,1
2024-09-02 07:10:12.026076,TRADE,5707.0,2
2024-09-02 07:14:38.852115,TRADE,5706.5,1
2024-09-02 07:15:16.068398,TRADE,5706.75,3
2024-09-02 07:15:16.068709,TRADE,5706.75,2
2024-09-02 07:16:08.712756,TRADE,5704.25,2
2024-09-02 07:16:55.977539,TRADE,5704.0,1
2024-09-02 07:17:17.424058,TRADE,5703.5,1
2024-09-02 07:17:17.424103,TRADE,5703.5,1
2024-09-02 07:23:33.088006,TRADE,5702.0,1
2024-09-02 07:25:04.938319,TRADE,5701.5,1
2024-09-02 07:26:00.583461,TRADE,5700.25,1
2024-09-02 07:26:02.750752,TRADE,5700.0,3
2024-09-02 07:27:10.582368,TRADE,5701.25,1
2024-09-02 07:27:18.927330,TRADE,5700.5,1
2024-09-02 07:28:12.768218,TRADE,5700.75,1
2024-09-02 07:28:34.293007,TRADE,5699.75,1
2024-09-02 07:29:49.280797,TRADE,5701.5,1
2024-09-02 07:29:49.280797,TRADE,5701.75,1
2024-09-02 07:30:01.565439,TRADE,5699.5,1
2024-09-02 07:30:01.846409,TRADE,5699.25,1
2024-09-02 07:30:01.847892,TRADE,5699.75,1
2024-09-02 07:30:12.365855,TRADE,5699.0,2
2024-09-02 07:31:50.501419,TRADE,5700.75,1
2024-09-02 07:37:41.005198,TRADE,5701.0,2
2024-09-02 07:37:41.005975,TRADE,5700.75,1
2024-09-02 07:40:04.983370,TRADE,5701.5,1
2024-09-02 07:41:21.943834,TRADE,5701.5,1
2024-09-02 07:45:15.733207,TRADE,5703.0,1
2024-09-02 07:53:39.630992,TRADE,5706.5,1
2024-09-02 07:56:16.635238,TRADE,5706.75,1
2024-09-02 08:00:23.086767,TRADE,5707.0,1
2024-09-02 08:12:23.491173,TRADE,5707.0,1
2024-09-02 08:19:03.091927,TRADE,5709.25,1
2024-09-02 08:19:24.924789,TRADE,5710.5,1
2024-09-02 08:28:05.348462,TRADE,5711.5,2
2024-09-02 08:30:01.533249,TRADE,5711.0,1
2024-09-02 08:32:06.118467,TRADE,5713.0,1
2024-09-02 08:32:21.004455,TRADE,5713.25,1
2024-09-02 08:33:27.586461,TRADE,5713.0,1
2024-09-02 08:33:27.586593,TRADE,5712.75,2
2024-09-02 08:37:23.349158,TRADE,5713.5,2
2024-09-02 08:39:38.566506,TRADE,5712.25,1
2024-09-02 08:40:57.283669,TRADE,5713.5,1
2024-09-02 08:40:57.283843,TRADE,5713.5,1
2024-09-02 08:47:02.565131,TRADE,5713.5,1
2024-09-02 08:54:40.314996,TRADE,5712.25,2
2024-09-02 08:55:17.896865,TRADE,5712.75,1
2024-09-02 09:32:35.943287,TRADE,5714.5,2
2024-09-02 09:32:35.943287,TRADE,5714.75,3
2024-09-02 09:35:38.619583,TRADE,5714.5,2
2024-09-02 09:35:38.619583,TRADE,5714.75,4
2024-09-02 09:35:38.619583,TRADE,5715.0,4
2024-09-02 09:35:38.619583,TRADE,5715.25,2
2024-09-02 09:35:38.619583,TRADE,5715.5,1
2024-09-02 11:09:53.111479,TRADE,5714.75,1
2024-09-02 11:10:54.153292,TRADE,5714.25,1
2024-09-02 11:26:01.991864,TRADE,5714.25,1
2024-09-02 11:32:05.164424,TRADE,5714.75,4
2024-09-02 11:39:05.819058,TRADE,5714.0,4
2024-09-02 11:39:05.819058,TRADE,5713.75,2
2024-09-02 11:39:05.819176,TRADE,5713.75,4
2024-09-02 11:53:54.910017,TRADE,5716.5,1
2024-09-02 11:53:54.910093,TRADE,5716.5,3
2024-09-02 12:03:19.155088,TRADE,5718.0,1
2024-09-02 12:10:23.893329,TRADE,5717.5,1
2024-09-02 12:17:00.116353,TRADE,5718.75,1
2024-09-02 12:18:21.990069,TRADE,5718.5,4
2024-09-02 12:18:36.072784,TRADE,5718.75,1
2024-09-02 12:19:32.987276,TRADE,5719.0,1
2024-09-02 12:21:00.754806,TRADE,5719.25,1
2024-09-02 12:23:07.583409,TRADE,5718.25,5
2024-09-02 12:35:13.223121,TRADE,5718.75,2
2024-09-02 12:42:04.923523,TRADE,5718.0,1
2024-09-02 12:44:37.996057,TRADE,5717.25,1
2024-09-02 12:52:31.074786,TRADE,5719.5,1
2024-09-02 12:59:35.046801,TRADE,5719.0,1
2024-09-02 13:00:09.627162,TRADE,5719.0,1
2024-09-02 13:01:52.915083,TRADE,5719.75,1
2024-09-02 13:03:00.342272,TRADE,5719.5,1
2024-09-02 13:03:14.182537,TRADE,5719.5,1
2024-09-02 13:03:35.659015,TRADE,5718.75,1
2024-09-02 13:03:35.924251,TRADE,5718.75,1
2024-09-02 13:03:38.785087,TRADE,5718.75,1
2024-09-02 13:03:41.675947,TRADE,5719.5,1
2024-09-02 13:03:43.871245,TRADE,5719.5,1
2024-09-02 13:21:49.965009,TRADE,5720.0,1
2024-09-02 13:21:55.854842,TRADE,5720.0,1
2024-09-02 13:21:55.855007,TRADE,5720.0,2
2024-09-02 13:22:02.948333,TRADE,5720.0,4
2024-09-02 13:22:12.561682,TRADE,5720.5,1
2024-09-02 13:22:13.561723,TRADE,5720.75,1
2024-09-02 13:22:18.884687,TRADE,5720.75,1
2024-09-02 13:22:23.637571,TRADE,5720.75,1
2024-09-02 13:22:24.236792,TRADE,5720.75,1
2024-09-02 13:22:38.555489,TRADE,5720.75,1
2024-09-02 13:22:45.031167,TRADE,5720.5,1
2024-09-02 13:23:16.850766,TRADE,5720.25,1
2024-09-02 13:31:15.852997,TRADE,5719.25,2
2024-09-02 13:32:16.517175,TRADE,5719.75,1
2024-09-02 13:32:23.730372,TRADE,5719.5,1
2024-09-02 13:33:12.543587,TRADE,5718.5,1
2024-09-02 13:35:10.132070,TRADE,5717.0,1
2024-09-02 13:35:53.193910,TRADE,5717.0,1
2024-09-02 13:36:25.163560,TRADE,5717.75,1
2024-09-02 13:40:28.191435,TRADE,5720.25,1
2024-09-02 13:44:31.393067,TRADE,5721.25,1
2024-09-02 13:47:43.908705,TRADE,5721.25,1
2024-09-02 13:52:03.640027,TRADE,5720.5,1
2024-09-02 14:00:42.666840,TRADE,5718.75,1
2024-09-02 14:00:58.460010,TRADE,5718.75,2
2024-09-02 14:01:27.183147,TRADE,5718.75,1
2024-09-02 14:02:52.776319,TRADE,5717.75,1
2024-09-02 14:04:06.634077,TRADE,5718.0,2
2024-09-02 14:04:07.656287,TRADE,5718.25,2
2024-09-02 14:06:10.709252,TRADE,5717.25,2
2024-09-02 14:07:11.657426,TRADE,5717.25,1
2024-09-02 14:08:14.423873,TRADE,5716.75,1
2024-09-02 14:08:14.424080,TRADE,5716.75,1
2024-09-02 14:08:14.424310,TRADE,5716.75,1
2024-09-02 14:08:23.842026,TRADE,5716.75,1
2024-09-02 14:08:34.908942,TRADE,5716.5,1
2024-09-02 14:09:08.172810,TRADE,5716.5,1
2024-09-02 14:09:08.172885,TRADE,5716.5,1
2024-09-02 14:09:08.175077,TRADE,5716.5,1
2024-09-02 14:09:08.177128,TRADE,5716.5,1
2024-09-02 14:09:08.181245,TRADE,5716.5,1
2024-09-02 14:09:45.726256,TRADE,5716.75,2
2024-09-02 14:09:53.972919,TRADE,5716.75,1
2024-09-02 14:10:28.685535,TRADE,5716.5,1
2024-09-02 14:10:28.789699,TRADE,5716.5,1
2024-09-02 14:10:28.962445,TRADE,5716.5,1
2024-09-02 14:10:28.963247,TRADE,5716.5,3
2024-09-02 14:10:28.963298,TRADE,5716.5,1
2024-09-02 14:10:28.963367,TRADE,5716.5,1
2024-09-02 14:10:28.963399,TRADE,5716.5,1
2024-09-02 14:10:28.963543,TRADE,5716.5,1
2024-09-02 14:13:02.781233,TRADE,5716.0,1
2024-09-02 14:13:03.062662,TRADE,5716.0,1
2024-09-02 14:13:11.668540,TRADE,5715.75,2
2024-09-02 14:13:11.668758,TRADE,5715.75,2
2024-09-02 14:13:11.668860,TRADE,5715.75,1
2024-09-02 14:13:27.004668,TRADE,5716.0,1
2024-09-02 14:13:34.652388,TRADE,5715.75,2
2024-09-02 14:13:34.653206,TRADE,5715.75,1
2024-09-02 14:13:34.653363,TRADE,5715.75,2
2024-09-02 14:13:42.931722,TRADE,5716.0,1
2024-09-02 14:13:42.933667,TRADE,5716.0,3
2024-09-02 14:13:43.038247,TRADE,5716.0,1
2024-09-02 14:13:43.042086,TRADE,5716.0,1
2024-09-02 14:13:43.046059,TRADE,5716.0,1
2024-09-02 14:13:49.035732,TRADE,5716.0,1
2024-09-02 14:13:50.249517,TRADE,5716.0,1
2024-09-02 14:17:01.605377,TRADE,5714.75,1
2024-09-02 14:17:41.611439,TRADE,5714.5,1
2024-09-02 14:18:11.493730,TRADE,5714.5,1
2024-09-02 14:19:08.170776,TRADE,5714.25,1
2024-09-02 14:19:08.170980,TRADE,5714.25,1
2024-09-02 14:21:12.156858,TRADE,5714.5,1
2024-09-02 14:21:12.447341,TRADE,5714.75,1
2024-09-02 14:22:24.308851,TRADE,5713.75,1
2024-09-02 14:22:59.624039,TRADE,5714.75,1
2024-09-02 14:24:23.118969,TRADE,5715.25,2
2024-09-02 14:31:44.014506,TRADE,5719.25,1
2024-09-02 14:32:13.788030,TRADE,5720.25,1
2024-09-02 14:32:13.788120,TRADE,5720.25,6
2024-09-02 14:33:33.352989,TRADE,5721.5,1
2024-09-02 14:33:38.064424,TRADE,5721.75,1
2024-09-02 14:35:33.730650,TRADE,5722.5,1
2024-09-02 14:36:02.123826,TRADE,5725.0,1
2024-09-02 14:36:02.123837,TRADE,5725.25,1
2024-09-02 14:36:02.123837,TRADE,5725.5,1
2024-09-02 14:36:07.793638,TRADE,5725.0,1
2024-09-02 14:36:10.128297,TRADE,5724.75,1
2024-09-02 14:36:22.765276,TRADE,5724.75,1
2024-09-02 14:37:38.381572,TRADE,5725.25,1
2024-09-02 14:37:50.429055,TRADE,5724.75,1
2024-09-02 14:37:50.493054,TRADE,5725.0,1
2024-09-02 14:38:00.324799,TRADE,5725.0,1
2024-09-02 14:39:00.380928,TRADE,5725.5,1
2024-09-02 14:40:00.454324,TRADE,5726.25,1
2024-09-02 14:40:00.456400,TRADE,5726.25,1
2024-09-02 14:40:00.866948,TRADE,5726.5,1
2024-09-02 14:45:12.458879,TRADE,5727.0,1
2024-09-02 14:46:39.425164,TRADE,5727.25,1
2024-09-02 14:47:05.899203,TRADE,5727.75,1
2024-09-02 14:53:49.094164,TRADE,5728.0,12
2024-09-02 14:55:09.155058,TRADE,5727.5,1
2024-09-02 14:57:02.204783,TRADE,5726.5,1
2024-09-02 14:57:32.006028,TRADE,5727.0,1
2024-09-02 15:00:02.189603,TRADE,5727.25,1
2024-09-02 15:04:08.259598,TRADE,5725.75,1
2024-09-02 15:04:16.585053,TRADE,5726.25,1
2024-09-02 15:08:16.616788,TRADE,5727.0,1
2024-09-02 15:17:32.465055,TRADE,5727.5,2
2024-09-02 15:22:27.022914,TRADE,5726.75,1
2024-09-02 15:27:03.944706,TRADE,5724.25,1
2024-09-02 15:27:27.551534,TRADE,5723.75,1
2024-09-02 15:27:58.607386,TRADE,5723.0,1
2024-09-02 15:28:06.759520,TRADE,5723.5,1
2024-09-02 15:37:42.957290,TRADE,5723.75,1
2024-09-02 15:59:30.017620,TRADE,5725.5,1
2024-09-02 16:15:10.762637,TRADE,5726.0,1
2024-09-02 16:15:15.988874,TRADE,5726.0,1
2024-09-02 16:38:34.739288,TRADE,5725.5,1
2024-09-02 16:39:18.149712,TRADE,5725.5,1
2024-09-02 16:42:49.496268,TRADE,5725.5,1
2024-09-02 16:50:53.416399,TRADE,5723.0,1
2024-09-02 16:55:53.270484,TRADE,5722.5,1
2024-09-02 16:57:27.252049,TRADE,5722.75,1
2024-09-02 16:57:41.595949,TRADE,5723.0,1
2024-09-02 16:57:52.255656,TRADE,5723.5,1
2024-09-02 16:59:18.719255,TRADE,5726.5,1
2024-09-02 16:59:51.617585,TRADE,5727.0,1
2024-09-02 22:00:00.003921,TRADE,5725.5,1
2024-09-02 22:00:00.121847,TRADE,5727.5,1
2024-09-02 22:00:02.119635,TRADE,5727.75,1
2024-09-02 22:02:02.054591,TRADE,5729.0,1
2024-09-02 22:03:05.685222,TRADE,5729.75,1
2024-09-02 22:03:07.356215,TRADE,5730.25,1
2024-09-02 22:03:07.356232,TRADE,5730.5,1
2024-09-02 22:03:07.356232,TRADE,5730.5,1
2024-09-02 22:03:07.551211,TRADE,5730.5,1
2024-09-02 22:03:20.151492,TRADE,5730.5,1
2024-09-02 22:03:46.146903,TRADE,5730.25,1
2024-09-02 22:19:34.315156,TRADE,5726.75,1
2024-09-02 22:19:34.315167,TRADE,5726.25,1
2024-09-02 22:20:00.000628,TRADE,5726.75,1
2024-09-02 22:22:54.257913,TRADE,5727.25,2
2024-09-02 22:36:58.142579,TRADE,5723.75,1
2024-09-02 22:37:07.229382,TRADE,5722.25,1
2024-09-02 22:37:09.063719,TRADE,5722.5,2
2024-09-02 22:37:21.915389,TRADE,5723.25,2
2024-09-02 22:45:46.376913,TRADE,5721.75,1
2024-09-02 22:46:29.171109,TRADE,5720.0,2
2024-09-02 23:02:13.888846,TRADE,5719.5,1
2024-09-02 23:22:18.612980,TRADE,5717.25,1
2024-09-02 23:22:30.373252,TRADE,5717.0,1
2024-09-02 23:22:30.373988,TRADE,5717.0,1
2024-09-02 23:22:30.515279,TRADE,5716.25,1
2024-09-02 23:22:30.548821,TRADE,5714.5,1
2024-09-02 23:22:31.194366,TRADE,5714.75,1
2024-09-02 23:22:50.333360,TRADE,5716.0,1
2024-09-02 23:22:51.909924,TRADE,5716.25,1
2024-09-02 23:23:32.866677,TRADE,5714.5,1
2024-09-02 23:23:32.877717,TRADE,5714.25,1
2024-09-02 23:23:37.563029,TRADE,5715.25,1
2024-09-02 23:23:59.410656,TRADE,5714.0,1
2024-09-02 23:24:03.211024,TRADE,5714.5,1
2024-09-02 23:27:13.687630,TRADE,5716.25,1
2024-09-02 23:27:13.687694,TRADE,5716.0,2
2024-09-02 23:35:21.049792,TRADE,5716.5,1
2024-09-02 23:41:57.159393,TRADE,5711.0,3
2024-09-02 23:42:21.074514,TRADE,5712.5,1
2024-09-02 23:44:14.667580,TRADE,5712.5,4
2024-09-02 23:44:14.667580,TRADE,5712.25,1
2024-09-02 23:44:34.064548,TRADE,5713.0,3
2024-09-02 23:44:34.064548,TRADE,5712.75,1
2024-09-02 23:44:34.064548,TRADE,5712.5,1
2024-09-02 23:46:15.788628,TRADE,5714.5,1
2024-09-03 00:11:54.636369,TRADE,5715.25,1
2024-09-03 00:11:54.636640,TRADE,5715.25,4
2024-09-03 00:14:18.754719,TRADE,5717.25,1
2024-09-03 00:14:35.205320,TRADE,5717.0,1
2024-09-03 00:14:54.025053,TRADE,5717.0,2
2024-09-03 00:19:38.916376,TRADE,5718.5,1
2024-09-03 00:32:16.793983,TRADE,5717.5,1
2024-09-03 01:00:13.103702,TRADE,5718.5,2
2024-09-03 01:14:22.223071,TRADE,5720.75,2
2024-09-03 01:15:11.357705,TRADE,5721.0,1
2024-09-03 01:15:11.357705,TRADE,5721.25,2
2024-09-03 01:15:42.395535,TRADE,5721.5,1
2024-09-03 01:15:42.395535,TRADE,5721.75,2
2024-09-03 01:23:34.960519,TRADE,5722.0,1
2024-09-03 01:23:34.960771,TRADE,5722.0,2
2024-09-03 01:34:29.339160,TRADE,5719.25,2
2024-09-03 01:34:29.339411,TRADE,5719.25,1
2024-09-03 01:39:06.748172,TRADE,5721.0,1
2024-09-03 01:40:50.456707,TRADE,5721.0,1
2024-09-03 01:50:14.171946,TRADE,5720.75,1
2024-09-03 02:01:40.171726,TRADE,5720.0,3
2024-09-03 02:39:12.429021,TRADE,5718.5,1
2024-09-03 02:41:20.570169,TRADE,5716.75,1
2024-09-03 02:41:20.570181,TRADE,5716.5,1
2024-09-03 02:59:38.548675,TRADE,5713.0,1
2024-09-03 03:01:10.575787,TRADE,5712.0,1
2024-09-03 03:01:12.305059,TRADE,5710.25,1
2024-09-03 03:02:49.692618,TRADE,5711.0,4
2024-09-03 03:03:22.095625,TRADE,5711.0,1
2024-09-03 03:03:46.654136,TRADE,5710.25,1
2024-09-03 03:04:31.117702,TRADE,5710.5,1
2024-09-03 03:12:00.517944,TRADE,5707.5,1
2024-09-03 03:12:30.553631,TRADE,5707.0,1
2024-09-03 03:15:26.711462,TRADE,5707.75,1
2024-09-03 03:21:17.328949,TRADE,5710.0,3
2024-09-03 03:32:30.502982,TRADE,5708.75,1
2024-09-03 03:32:46.300435,TRADE,5708.5,1
2024-09-03 03:33:24.137612,TRADE,5709.0,1
2024-09-03 03:36:40.710298,TRADE,5710.75,1
2024-09-03 04:10:19.560901,TRADE,5714.0,1
2024-09-03 04:30:54.109094,TRADE,5712.75,1
2024-09-03 04:34:31.696168,TRADE,5712.25,1
2024-09-03 04:58:34.848955,TRADE,5712.5,1
2024-09-03 04:58:42.752585,TRADE,5712.5,5
2024-09-03 04:59:01.339103,TRADE,5712.5,1
2024-09-03 05:01:59.093466,TRADE,5713.5,1
2024-09-03 05:01:59.093660,TRADE,5713.5,1
2024-09-03 05:01:59.250724,TRADE,5714.25,1
2024-09-03 05:01:59.250724,TRADE,5714.5,1
2024-09-03 05:19:27.153415,TRADE,5715.25,1
2024-09-03 05:22:34.511973,TRADE,5714.0,1
2024-09-03 05:29:59.401154,TRADE,5714.5,1
2024-09-03 05:34:56.988316,TRADE,5714.0,1
2024-09-03 05:36:12.968512,TRADE,5715.0,1
2024-09-03 05:46:41.891686,TRADE,5714.0,1
2024-09-03 06:02:27.472059,TRADE,5712.75,1
2024-09-03 06:16:21.483518,TRADE,5711.75,1
2024-09-03 06:44:16.779724,TRADE,5716.5,1
2024-09-03 06:44:17.279142,TRADE,5716.25,1
2024-09-03 07:00:18.501041,TRADE,5719.0,1
2024-09-03 07:01:21.866432,TRADE,5720.0,2
2024-09-03 07:01:55.885657,TRADE,5721.25,2
2024-09-03 07:01:55.885657,TRADE,5721.5,1
2024-09-03 07:08:39.589571,TRADE,5723.5,1
2024-09-03 07:09:58.849840,TRADE,5723.75,2
2024-09-03 07:16:21.120637,TRADE,5723.5,3
2024-09-03 07:16:21.724179,TRADE,5723.5,3
2024-09-03 07:28:13.264754,TRADE,5723.25,2
2024-09-03 07:28:13.264754,TRADE,5723.0,2
2024-09-03 07:28:13.264754,TRADE,5722.75,1
2024-09-03 07:28:13.264754,TRADE,5722.5,6
2024-09-03 07:28:13.264754,TRADE,5722.25,1
2024-09-03 07:30:15.872623,TRADE,5724.5,1
2024-09-03 07:30:15.872634,TRADE,5725.0,2
2024-09-03 07:30:15.872634,TRADE,5725.25,1
2024-09-03 07:30:15.872634,TRADE,5725.5,2
2024-09-03 07:30:18.565672,TRADE,5725.0,1
2024-09-03 07:32:31.003095,TRADE,5725.0,1
2024-09-03 07:41:36.298166,TRADE,5724.25,1
2024-09-03 07:41:36.298404,TRADE,5724.25,1
2024-09-03 07:41:51.618096,TRADE,5726.0,1
2024-09-03 07:43:35.125473,TRADE,5727.25,1
2024-09-03 07:43:35.125877,TRADE,5727.25,2
2024-09-03 07:47:04.922978,TRADE,5726.25,1
2024-09-03 07:54:53.162330,TRADE,5723.25,3
2024-09-03 08:02:11.161988,TRADE,5725.5,3
2024-09-03 08:02:11.161988,TRADE,5725.75,1
2024-09-03 08:02:11.162269,TRADE,5725.75,14
2024-09-03 08:02:11.162327,TRADE,5725.75,7
2024-09-03 08:09:25.659617,TRADE,5723.25,1
2024-09-03 08:15:26.833141,TRADE,5721.0,1
2024-09-03 08:15:30.672352,TRADE,5721.0,1
2024-09-03 08:28:43.963050,TRADE,5716.25,1
2024-09-03 08:30:15.615614,TRADE,5715.5,1
2024-09-03 08:30:47.965347,TRADE,5715.75,1
2024-09-03 08:32:33.824346,TRADE,5713.25,1
2024-09-03 08:33:20.803730,TRADE,5715.0,1
2024-09-03 08:33:29.641795,TRADE,5715.0,1
2024-09-03 08:34:03.969176,TRADE,5714.75,1
2024-09-03 08:35:28.101496,TRADE,5712.0,1
2024-09-03 08:35:28.328397,TRADE,5711.25,1
2024-09-03 08:36:07.075091,TRADE,5711.5,1
2024-09-03 08:36:07.076338,TRADE,5711.5,1
2024-09-03 08:36:07.076431,TRADE,5711.5,1
2024-09-03 08:36:57.588538,TRADE,5711.0,1
2024-09-03 08:39:01.297086,TRADE,5711.5,1
2024-09-03 08:39:06.961095,TRADE,5711.75,2
2024-09-03 08:39:06.961095,TRADE,5712.0,1
2024-09-03 08:40:40.694489,TRADE,5710.5,1
2024-09-03 08:41:01.431404,TRADE,5710.75,1
2024-09-03 08:41:31.524595,TRADE,5711.0,1
2024-09-03 08:41:33.750930,TRADE,5711.0,1
2024-09-03 08:42:29.852183,TRADE,5712.5,1
2024-09-03 08:42:34.078738,TRADE,5712.75,1
2024-09-03 08:49:43.960894,TRADE,5710.75,1
2024-09-03 08:52:01.891522,TRADE,5707.75,2
2024-09-03 08:52:03.882935,TRADE,5707.25,1
2024-09-03 08:52:17.301571,TRADE,5708.0,1
2024-09-03 08:53:48.936603,TRADE,5705.75,1
2024-09-03 08:54:00.030075,TRADE,5706.0,1
2024-09-03 08:55:13.329769,TRADE,5705.5,1
2024-09-03 08:58:47.833116,TRADE,5705.5,1
2024-09-03 08:58:53.038723,TRADE,5704.25,1
2024-09-03 08:59:50.284648,TRADE,5702.75,2
2024-09-03 08:59:59.836073,TRADE,5701.0,1
2024-09-03 08:59:59.837901,TRADE,5700.75,1
2024-09-03 08:59:59.897343,TRADE,5700.5,1
2024-09-03 09:00:01.326955,TRADE,5700.0,1
2024-09-03 09:00:06.768914,TRADE,5699.5,1
2024-09-03 09:01:05.008851,TRADE,5701.5,1
2024-09-03 09:02:12.516133,TRADE,5702.0,1
2024-09-03 09:02:35.273038,TRADE,5701.75,3
2024-09-03 09:04:40.813073,TRADE,5702.75,1
2024-09-03 09:07:34.044573,TRADE,5701.75,1
2024-09-03 09:11:14.408337,TRADE,5699.0,1
2024-09-03 09:11:14.575578,TRADE,5697.5,1
2024-09-03 09:11:14.616122,TRADE,5697.0,3
2024-09-03 09:11:14.633877,TRADE,5696.75,1
2024-09-03 09:11:14.667368,TRADE,5696.75,1
2024-09-03 09:11:14.948947,TRADE,5696.75,1
2024-09-03 09:11:21.235483,TRADE,5695.75,1
2024-09-03 09:11:27.931820,TRADE,5695.5,1
2024-09-03 09:11:27.931820,TRADE,5694.75,2
2024-09-03 09:11:31.821706,TRADE,5695.25,2
2024-09-03 09:12:33.791228,TRADE,5695.75,1
2024-09-03 09:12:58.756696,TRADE,5694.25,5
2024-09-03 09:12:58.759599,TRADE,5694.25,3
2024-09-03 09:12:58.850879,TRADE,5694.25,2
2024-09-03 09:15:19.177799,TRADE,5692.25,2
2024-09-03 09:19:12.905086,TRADE,5693.5,1
2024-09-03 09:21:02.407639,TRADE,5693.25,1
2024-09-03 09:25:39.474994,TRADE,5694.75,1
2024-09-03 09:26:53.950399,TRADE,5696.5,1
2024-09-03 09:26:53.950399,TRADE,5696.25,1
2024-09-03 09:28:15.960938,TRADE,5697.75,1
2024-09-03 09:31:15.441294,TRADE,5690.5,1
2024-09-03 09:31:15.446965,TRADE,5689.75,1
2024-09-03 09:31:38.044427,TRADE,5692.25,1
2024-09-03 09:32:27.102870,TRADE,5693.5,1
2024-09-03 09:36:21.949590,TRADE,5696.5,1
2024-09-03 09:40:27.207373,TRADE,5696.25,1
2024-09-03 09:40:42.506199,TRADE,5696.25,1
2024-09-03 09:41:50.576867,TRADE,5695.5,2
2024-09-03 09:42:15.713515,TRADE,5695.0,1
2024-09-03 09:42:20.791036,TRADE,5694.25,1
2024-09-03 09:42:20.791203,TRADE,5694.25,1
2024-09-03 09:43:02.139552,TRADE,5696.0,1
2024-09-03 09:43:50.910938,TRADE,5696.0,1
2024-09-03 09:43:50.910938,TRADE,5696.25,1
2024-09-03 09:43:51.570422,TRADE,5695.5,2
2024-09-03 09:45:09.762571,TRADE,5694.0,1
2024-09-03 09:48:41.888342,TRADE,5694.25,1
2024-09-03 09:52:51.652318,TRADE,5694.25,1
2024-09-03 09:53:20.650700,TRADE,5695.0,1
2024-09-03 09:53:20.652162,TRADE,5695.25,1
2024-09-03 09:53:52.301473,TRADE,5694.5,1
2024-09-03 09:54:54.475370,TRADE,5694.25,1
2024-09-03 09:56:17.699569,TRADE,5693.25,1
2024-09-03 09:56:45.455049,TRADE,5692.75,1
2024-09-03 09:57:10.317097,TRADE,5693.0,1
2024-09-03 10:01:10.234818,TRADE,5689.0,2
2024-09-03 10:01:10.347312,TRADE,5688.25,1
2024-09-03 10:01:10.347312,TRADE,5688.0,1
2024-09-03 10:01:16.627742,TRADE,5688.0,1
2024-09-03 10:01:17.605889,TRADE,5687.75,1
2024-09-03 10:01:17.605889,TRADE,5687.5,1
2024-09-03 10:04:41.038199,TRADE,5692.75,3
2024-09-03 10:04:41.038387,TRADE,5692.75,1
2024-09-03 10:10:03.880477,TRADE,5689.0,1
2024-09-03 10:10:19.343125,TRADE,5688.5,1
2024-09-03 10:10:25.288322,TRADE,5688.25,1
2024-09-03 10:12:21.108331,TRADE,5691.25,1
2024-09-03 10:15:46.337169,TRADE,5692.0,2
2024-09-03 10:15:59.980493,TRADE,5691.75,2
2024-09-03 10:18:53.116589,TRADE,5692.25,2
2024-09-03 10:23:21.526492,TRADE,5692.25,1
2024-09-03 10:25:37.689596,TRADE,5691.75,1
2024-09-03 10:26:08.635127,TRADE,5692.0,1
2024-09-03 10:27:55.120956,TRADE,5694.75,1
2024-09-03 10:31:21.100702,TRADE,5696.0,1
2024-09-03 10:35:42.936778,TRADE,5692.5,1
2024-09-03 10:36:04.876781,TRADE,5690.25,1
2024-09-03 10:36:04.887438,TRADE,5690.25,1
2024-09-03 10:36:08.728545,TRADE,5690.0,1
2024-09-03 10:36:08.728730,TRADE,5690.0,1
2024-09-03 10:37:18.546592,TRADE,5692.0,1
2024-09-03 10:44:54.636173,TRADE,5693.0,1
2024-09-03 10:47:20.622396,TRADE,5691.25,1
2024-09-03 10:51:00.862676,TRADE,5696.5,1
2024-09-03 10:52:36.132301,TRADE,5697.0,1
2024-09-03 10:58:25.973750,TRADE,5696.75,1
2024-09-03 10:59:37.992511,TRADE,5695.5,1
2024-09-03 11:00:52.002252,TRADE,5696.5,2
2024-09-03 11:00:52.002252,TRADE,5696.5,2
2024-09-03 11:00:52.002341,TRADE,5696.5,1
2024-09-03 11:00:52.002341,TRADE,5696.5,1
2024-09-03 11:00:52.002341,TRADE,5696.5,2
2024-09-03 11:00:52.003003,TRADE,5696.5,2
2024-09-03 11:01:39.520202,TRADE,5694.75,1
2024-09-03 11:06:03.230683,TRADE,5692.0,1
2024-09-03 11:06:03.986393,TRADE,5692.0,1
2024-09-03 11:08:36.649082,TRADE,5689.75,1
2024-09-03 11:17:04.281666,TRADE,5692.5,1
2024-09-03 11:17:47.455730,TRADE,5693.5,1
2024-09-03 11:18:38.348295,TRADE,5695.0,2
2024-09-03 11:18:42.823833,TRADE,5694.0,1
2024-09-03 11:22:10.046927,TRADE,5693.5,1
2024-09-03 11:23:44.476794,TRADE,5693.0,1
2024-09-03 11:26:42.266601,TRADE,5692.5,1
2024-09-03 11:26:42.266601,TRADE,5692.75,2
2024-09-03 11:26:44.689597,TRADE,5692.75,2
2024-09-03 11:26:44.689597,TRADE,5693.0,2
2024-09-03 11:26:48.224244,TRADE,5692.25,1
2024-09-03 11:27:34.013219,TRADE,5694.0,1
2024-09-03 11:29:16.350280,TRADE,5693.75,2
2024-09-03 11:30:23.231906,TRADE,5694.5,1
2024-09-03 11:32:07.362344,TRADE,5696.5,1
2024-09-03 11:32:14.475548,TRADE,5696.75,2
2024-09-03 11:32:14.475548,TRADE,5697.0,2
2024-09-03 11:41:58.065652,TRADE,5694.5,1
2024-09-03 11:43:07.376342,TRADE,5692.25,1
2024-09-03 11:43:40.055116,TRADE,5693.5,1
2024-09-03 11:43:56.516579,TRADE,5692.5,1
2024-09-03 11:43:56.516579,TRADE,5692.25,3
2024-09-03 11:43:56.516579,TRADE,5692.0,4
2024-09-03 11:43:56.516579,TRADE,5691.75,1
2024-09-03 11:43:56.516579,TRADE,5691.5,1
2024-09-03 11:48:29.672756,TRADE,5690.0,1
2024-09-03 11:48:49.823237,TRADE,5690.25,1
2024-09-03 11:49:00.103656,TRADE,5689.75,1
2024-09-03 11:49:09.175294,TRADE,5691.0,1
2024-09-03 11:49:34.309134,TRADE,5691.0,1
2024-09-03 11:57:03.993004,TRADE,5694.0,2
2024-09-03 12:00:52.830670,TRADE,5691.75,1
2024-09-03 12:02:58.215937,TRADE,5693.25,2
2024-09-03 12:05:55.614728,TRADE,5691.25,1
2024-09-03 12:05:55.614728,TRADE,5691.0,1
2024-09-03 12:19:40.951462,TRADE,5694.0,1
2024-09-03 12:24:46.505108,TRADE,5695.0,1
2024-09-03 12:33:18.053268,TRADE,5692.75,1
2024-09-03 12:38:27.605049,TRADE,5696.5,1
2024-09-03 12:38:42.934572,TRADE,5696.5,1
2024-09-03 12:39:35.470388,TRADE,5696.5,1
2024-09-03 12:39:37.465351,TRADE,5696.5,9
2024-09-03 12:39:37.466699,TRADE,5696.5,2
2024-09-03 12:39:47.605992,TRADE,5696.25,2
2024-09-03 12:39:47.605992,TRADE,5696.25,4
2024-09-03 12:41:04.573135,TRADE,5696.25,1
2024-09-03 12:43:31.207771,TRADE,5696.75,1
2024-09-03 12:43:39.968432,TRADE,5696.0,1
2024-09-03 12:45:48.899450,TRADE,5696.75,1
2024-09-03 12:47:18.609176,TRADE,5696.5,1
2024-09-03 12:51:31.455484,TRADE,5696.75,1
2024-09-03 12:51:53.499758,TRADE,5694.75,1
2024-09-03 12:52:22.634899,TRADE,5694.5,1
2024-09-03 12:55:49.221841,TRADE,5694.25,2
2024-09-03 12:56:08.161030,TRADE,5691.75,1
2024-09-03 12:56:34.141020,TRADE,5691.5,1
2024-09-03 12:56:34.141042,TRADE,5691.5,1
2024-09-03 12:56:34.143406,TRADE,5691.5,1
2024-09-03 12:56:34.993939,TRADE,5691.5,1
2024-09-03 12:56:47.898894,TRADE,5691.5,2
2024-09-03 13:00:22.938486,TRADE,5690.25,2
2024-09-03 13:00:48.814105,TRADE,5690.5,2
2024-09-03 13:01:03.296344,TRADE,5689.75,2
2024-09-03 13:01:16.058210,TRADE,5690.0,1
2024-09-03 13:01:16.058210,TRADE,5690.25,2
2024-09-03 13:01:23.910105,TRADE,5688.5,1
2024-09-03 13:02:57.670206,TRADE,5689.25,1
2024-09-03 13:03:30.082403,TRADE,5689.25,1
2024-09-03 13:03:51.961620,TRADE,5689.75,1
2024-09-03 13:07:02.110378,TRADE,5690.5,1
2024-09-03 13:12:53.108160,TRADE,5687.5,1
2024-09-03 13:12:53.108390,TRADE,5687.5,2
2024-09-03 13:14:56.690798,TRADE,5688.5,1
2024-09-03 13:15:19.936949,TRADE,5687.75,1
2024-09-03 13:19:36.222045,TRADE,5689.5,1
2024-09-03 13:19:36.222249,TRADE,5689.5,1
2024-09-03 13:19:36.531977,TRADE,5689.5,1
2024-09-03 13:19:36.538069,TRADE,5689.5,1
2024-09-03 13:19:36.544161,TRADE,5689.5,1
2024-09-03 13:19:36.550256,TRADE,5689.5,1
2024-09-03 13:20:35.946497,TRADE,5689.25,1
2024-09-03 13:21:03.106109,TRADE,5690.25,1
2024-09-03 13:23:01.796571,TRADE,5691.75,1
2024-09-03 13:23:01.796583,TRADE,5692.0,1
2024-09-03 13:23:01.827205,TRADE,5692.25,1
2024-09-03 13:23:03.792724,TRADE,5692.25,1
2024-09-03 13:23:09.164944,TRADE,5692.5,1
2024-09-03 13:24:24.309773,TRADE,5693.25,1
2024-09-03 13:25:00.057663,TRADE,5692.5,1
2024-09-03 13:26:57.016472,TRADE,5688.75,1
2024-09-03 13:27:30.000404,TRADE,5687.75,2
2024-09-03 13:27:40.012482,TRADE,5688.5,2
2024-09-03 13:27:52.465366,TRADE,5687.75,1
2024-09-03 13:28:16.315024,TRADE,5687.25,1
2024-09-03 13:28:40.261697,TRADE,5687.25,1
2024-09-03 13:28:58.591037,TRADE,5686.5,1
2024-09-03 13:28:59.283388,TRADE,5686.25,1
2024-09-03 13:29:00.019159,TRADE,5685.25,2
2024-09-03 13:30:01.059409,TRADE,5688.75,1
2024-09-03 13:30:01.059839,TRADE,5689.0,2
2024-09-03 13:30:01.154479,TRADE,5688.0,1
2024-09-03 13:30:01.154479,TRADE,5687.5,1
2024-09-03 13:30:01.553973,TRADE,5688.5,1
2024-09-03 13:30:02.143171,TRADE,5688.0,1
2024-09-03 13:30:06.075116,TRADE,5687.75,1
2024-09-03 13:30:06.075851,TRADE,5688.0,1
2024-09-03 13:30:07.047807,TRADE,5687.75,1
2024-09-03 13:30:13.361904,TRADE,5689.0,1
2024-09-03 13:30:17.663905,TRADE,5689.0,1
2024-09-03 13:30:19.842187,TRADE,5687.25,1
2024-09-03 13:30:20.623013,TRADE,5687.5,1
2024-09-03 13:30:20.859316,TRADE,5687.25,1
2024-09-03 13:30:32.637664,TRADE,5687.75,2
2024-09-03 13:30:36.062755,TRADE,5688.25,1
2024-09-03 13:30:44.124061,TRADE,5689.75,1
2024-09-03 13:31:00.449894,TRADE,5686.0,1
2024-09-03 13:31:00.450096,TRADE,5686.0,1
2024-09-03 13:31:02.431835,TRADE,5686.5,1
2024-09-03 13:31:07.180932,TRADE,5685.75,1
2024-09-03 13:31:09.259046,TRADE,5685.5,1
2024-09-03 13:31:09.269534,TRADE,5685.75,1
2024-09-03 13:31:12.696753,TRADE,5685.0,1
2024-09-03 13:31:25.771041,TRADE,5683.75,1
2024-09-03 13:31:26.731954,TRADE,5683.75,1
2024-09-03 13:31:31.049561,TRADE,5684.75,1
2024-09-03 13:31:33.338711,TRADE,5685.5,2
2024-09-03 13:31:40.578202,TRADE,5686.75,1
2024-09-03 13:31:43.129310,TRADE,5688.0,1
2024-09-03 13:31:51.738123,TRADE,5689.25,1
2024-09-03 13:31:54.226479,TRADE,5690.75,1
2024-09-03 13:32:00.021281,TRADE,5688.75,1
2024-09-03 13:32:01.179103,TRADE,5689.0,1
2024-09-03 13:32:01.834824,TRADE,5688.5,1
2024-09-03 13:32:03.752655,TRADE,5688.5,1
2024-09-03 13:32:07.508378,TRADE,5688.25,1
2024-09-03 13:32:13.825915,TRADE,5687.0,1
2024-09-03 13:32:13.844454,TRADE,5686.75,1
2024-09-03 13:32:15.976067,TRADE,5686.5,1
2024-09-03 13:32:16.850976,TRADE,5686.25,1
2024-09-03 13:32:26.527273,TRADE,5685.5,1
2024-09-03 13:32:32.237503,TRADE,5684.25,1
2024-09-03 13:32:38.868888,TRADE,5684.25,1
2024-09-03 13:32:42.635275,TRADE,5683.25,1
2024-09-03 13:32:43.585298,TRADE,5683.5,1
2024-09-03 13:32:43.586843,TRADE,5683.5,1
2024-09-03 13:32:44.866969,TRADE,5682.5,1
2024-09-03 13:32:53.789560,TRADE,5685.0,1
2024-09-03 13:32:58.910844,TRADE,5685.25,2
2024-09-03 13:33:00.021009,TRADE,5684.0,1
2024-09-03 13:33:00.812040,TRADE,5684.25,1
2024-09-03 13:33:01.007201,TRADE,5684.25,2
2024-09-03 13:33:08.906817,TRADE,5684.5,2
2024-09-03 13:33:09.765666,TRADE,5684.0,1
2024-09-03 13:33:11.168800,TRADE,5684.25,1
2024-09-03 13:33:18.974941,TRADE,5686.0,2
2024-09-03 13:33:19.115635,TRADE,5686.0,1
2024-09-03 13:33:19.115880,TRADE,5686.0,2
2024-09-03 13:33:19.116077,TRADE,5686.0,5
2024-09-03 13:33:24.510427,TRADE,5684.25,1
2024-09-03 13:33:27.621953,TRADE,5683.5,1
2024-09-03 13:33:27.621953,TRADE,5683.5,1
2024-09-03 13:33:36.513263,TRADE,5683.75,2
2024-09-03 13:33:46.897925,TRADE,5684.0,1
2024-09-03 13:33:51.088043,TRADE,5683.25,2
2024-09-03 13:33:53.930299,TRADE,5682.5,1
2024-09-03 13:33:59.249398,TRADE,5684.0,1
2024-09-03 13:33:59.249433,TRADE,5684.0,1
2024-09-03 13:33:59.249610,TRADE,5684.0,1
2024-09-03 13:34:02.177281,TRADE,5682.75,1
2024-09-03 13:34:02.381292,TRADE,5683.0,1
2024-09-03 13:34:11.884227,TRADE,5684.25,1
2024-09-03 13:34:23.434349,TRADE,5683.25,1
2024-09-03 13:34:27.817283,TRADE,5683.5,1
2024-09-03 13:34:30.990184,TRADE,5683.75,1
2024-09-03 13:34:32.076609,TRADE,5683.75,1
2024-09-03 13:34:37.682900,TRADE,5683.5,1
2024-09-03 13:34:43.833294,TRADE,5682.0,1
2024-09-03 13:34:49.601567,TRADE,5682.25,1
2024-09-03 13:34:53.694368,TRADE,5683.5,1
2024-09-03 13:34:56.844474,TRADE,5684.5,1
2024-09-03 13:35:00.832964,TRADE,5684.5,1
2024-09-03 13:35:00.834408,TRADE,5685.0,1
2024-09-03 13:35:01.636398,TRADE,5684.75,1
2024-09-03 13:35:04.118774,TRADE,5685.0,3
2024-09-03 13:35:04.119153,TRADE,5685.25,2
2024-09-03 13:35:06.690955,TRADE,5684.25,1
2024-09-03 13:35:08.684627,TRADE,5685.25,1
2024-09-03 13:35:09.592774,TRADE,5684.5,1
2024-09-03 13:35:10.591232,TRADE,5683.75,1
2024-09-03 13:35:11.960368,TRADE,5683.75,1
2024-09-03 13:35:12.990147,TRADE,5684.0,1
2024-09-03 13:35:16.005416,TRADE,5683.75,1
2024-09-03 13:35:17.424198,TRADE,5683.25,1
2024-09-03 13:35:27.901356,TRADE,5683.25,1
2024-09-03 13:35:43.237409,TRADE,5681.5,1
2024-09-03 13:35:43.270329,TRADE,5680.75,1
2024-09-03 13:35:43.271891,TRADE,5680.5,1
2024-09-03 13:35:43.273494,TRADE,5680.5,1
2024-09-03 13:35:43.273818,TRADE,5680.5,1
2024-09-03 13:35:48.237829,TRADE,5680.75,1
2024-09-03 13:35:49.574397,TRADE,5680.75,1
2024-09-03 13:35:51.870461,TRADE,5681.25,1
2024-09-03 13:35:51.953908,TRADE,5681.25,1
2024-09-03 13:35:52.333496,TRADE,5681.25,1
2024-09-03 13:35:53.495036,TRADE,5681.25,2
2024-09-03 13:36:00.309072,TRADE,5681.5,1
2024-09-03 13:36:00.321876,TRADE,5681.5,1
2024-09-03 13:36:00.500674,TRADE,5681.25,1
2024-09-03 13:36:02.223799,TRADE,5681.75,1
2024-09-03 13:36:02.223872,TRADE,5681.75,1
2024-09-03 13:36:02.651999,TRADE,5681.25,1
2024-09-03 13:36:04.414842,TRADE,5680.5,1
2024-09-03 13:36:04.414902,TRADE,5680.5,1
2024-09-03 13:36:06.480910,TRADE,5680.5,1
2024-09-03 13:36:10.975273,TRADE,5680.0,1
2024-09-03 13:36:10.975285,TRADE,5679.75,1
2024-09-03 13:36:13.490781,TRADE,5680.5,1
2024-09-03 13:36:13.492785,TRADE,5681.0,1
2024-09-03 13:36:17.745037,TRADE,5681.25,1
2024-09-03 13:36:21.087102,TRADE,5680.5,1
2024-09-03 13:36:28.775399,TRADE,5679.5,1
2024-09-03 13:36:30.258554,TRADE,5680.25,1
2024-09-03 13:36:38.017158,TRADE,5679.5,1
2024-09-03 13:36:38.017158,TRADE,5679.25,1
2024-09-03 13:36:40.970241,TRADE,5680.75,1
2024-09-03 13:36:41.752801,TRADE,5680.75,1
2024-09-03 13:37:08.034135,TRADE,5680.75,2
2024-09-03 13:37:09.987573,TRADE,5680.75,1
2024-09-03 13:37:20.509817,TRADE,5680.0,2
2024-09-03 13:37:30.025154,TRADE,5681.5,1
2024-09-03 13:37:43.636969,TRADE,5681.0,1
2024-09-03 13:37:44.967219,TRADE,5680.0,1
2024-09-03 13:37:48.510880,TRADE,5680.5,1
2024-09-03 13:38:27.778032,TRADE,5679.75,1
2024-09-03 13:38:32.309282,TRADE,5679.0,1
2024-09-03 13:38:32.309292,TRADE,5678.75,3
2024-09-03 13:38:32.309292,TRADE,5678.5,4
2024-09-03 13:38:32.309292,TRADE,5678.25,3
2024-09-03 13:38:33.398643,TRADE,5678.25,1
2024-09-03 13:38:36.295419,TRADE,5678.25,1
2024-09-03 13:38:40.713507,TRADE,5678.25,1
2024-09-03 13:38:41.841583,TRADE,5678.0,1
2024-09-03 13:38:49.698317,TRADE,5679.0,1
2024-09-03 13:38:51.999064,TRADE,5679.5,1
2024-09-03 13:39:05.601207,TRADE,5679.0,1
2024-09-03 13:39:05.601253,TRADE,5679.0,2
2024-09-03 13:39:05.601585,TRADE,5679.25,2
2024-09-03 13:39:31.671337,TRADE,5677.5,1
2024-09-03 13:39:35.201570,TRADE,5677.0,1
2024-09-03 13:39:35.202437,TRADE,5677.0,1
2024-09-03 13:39:35.202584,TRADE,5677.0,2
2024-09-03 13:39:35.205798,TRADE,5677.0,1
2024-09-03 13:39:35.211387,TRADE,5677.0,1
2024-09-03 13:39:44.918270,TRADE,5678.25,2
2024-09-03 13:39:57.693148,TRADE,5678.25,1
2024-09-03 13:40:07.340451,TRADE,5678.5,1
2024-09-03 13:40:29.401079,TRADE,5678.25,2
2024-09-03 13:40:29.401079,TRADE,5678.5,4
2024-09-03 13:40:56.153470,TRADE,5677.5,1
2024-09-03 13:40:56.338314,TRADE,5676.75,1
2024-09-03 13:41:33.290232,TRADE,5676.0,1
2024-09-03 13:41:54.463355,TRADE,5678.0,1
2024-09-03 13:41:54.487609,TRADE,5678.5,1
2024-09-03 13:41:54.699672,TRADE,5678.75,1
2024-09-03 13:41:58.492712,TRADE,5678.0,1
2024-09-03 13:42:10.920736,TRADE,5677.25,1
2024-09-03 13:42:11.791629,TRADE,5677.0,1
2024-09-03 13:42:24.360533,TRADE,5677.25,2
2024-09-03 13:42:24.360533,TRADE,5677.0,3
2024-09-03 13:42:28.673530,TRADE,5677.0,3
2024-09-03 13:42:45.952799,TRADE,5676.5,1
2024-09-03 13:42:55.483179,TRADE,5676.75,1
2024-09-03 13:43:03.369403,TRADE,5676.25,1
2024-09-03 13:43:27.228292,TRADE,5679.75,1
2024-09-03 13:44:31.208270,TRADE,5680.25,1
2024-09-03 13:44:59.338304,TRADE,5679.75,1
2024-09-03 13:45:00.595382,TRADE,5679.0,1
2024-09-03 13:45:00.858587,TRADE,5678.75,1
2024-09-03 13:45:01.402758,TRADE,5678.25,4
2024-09-03 13:45:04.695467,TRADE,5677.75,1
2024-09-03 13:45:11.996181,TRADE,5679.0,1
2024-09-03 13:45:35.290592,TRADE,5678.5,1
2024-09-03 13:45:43.856359,TRADE,5678.25,1
2024-09-03 13:45:43.991739,TRADE,5678.0,1
2024-09-03 13:45:45.498226,TRADE,5678.0,1
2024-09-03 13:45:47.088043,TRADE,5678.5,1
2024-09-03 13:46:01.543751,TRADE,5677.5,2
2024-09-03 13:46:02.003130,TRADE,5677.0,1
2024-09-03 13:46:04.789488,TRADE,5676.25,2
2024-09-03 13:46:04.789500,TRADE,5676.0,2
2024-09-03 13:46:05.685988,TRADE,5676.5,1
2024-09-03 13:46:07.585295,TRADE,5677.0,1
2024-09-03 13:46:12.104806,TRADE,5677.25,1
2024-09-03 13:46:12.104806,TRADE,5677.5,1
2024-09-03 13:46:13.156516,TRADE,5677.5,1
2024-09-03 13:46:53.766848,TRADE,5677.25,1
2024-09-03 13:47:15.405889,TRADE,5676.0,1
2024-09-03 13:47:15.405967,TRADE,5676.0,1
2024-09-03 13:47:42.941811,TRADE,5678.25,1
2024-09-03 13:47:47.628573,TRADE,5676.75,1
2024-09-03 13:47:55.504179,TRADE,5676.0,1
2024-09-03 13:48:03.962431,TRADE,5675.25,1
2024-09-03 13:48:07.811826,TRADE,5675.25,1
2024-09-03 13:48:13.277046,TRADE,5676.0,1
2024-09-03 13:48:14.249769,TRADE,5676.25,1
2024-09-03 13:48:17.717192,TRADE,5675.5,1
2024-09-03 13:48:39.977071,TRADE,5675.5,1
2024-09-03 13:48:42.465981,TRADE,5675.0,2
2024-09-03 13:48:42.469989,TRADE,5675.0,1
2024-09-03 13:48:51.161284,TRADE,5675.5,1
2024-09-03 13:48:51.161319,TRADE,5675.5,1
2024-09-03 13:48:54.430513,TRADE,5674.5,1
2024-09-03 13:49:07.150229,TRADE,5674.75,1
2024-09-03 13:49:14.444030,TRADE,5675.0,1
2024-09-03 13:49:17.827563,TRADE,5675.0,2
2024-09-03 13:49:23.791285,TRADE,5674.5,1
2024-09-03 13:49:30.835616,TRADE,5674.75,1
2024-09-03 13:49:30.835616,TRADE,5675.0,1
2024-09-03 13:49:43.006668,TRADE,5676.25,1
2024-09-03 13:50:12.942060,TRADE,5673.5,1
2024-09-03 13:50:13.076836,TRADE,5673.0,2
2024-09-03 13:50:19.428638,TRADE,5673.0,2
2024-09-03 13:50:22.306894,TRADE,5671.5,2
2024-09-03 13:50:26.185208,TRADE,5672.5,1
2024-09-03 13:50:31.968423,TRADE,5671.5,1
2024-09-03 13:50:39.028667,TRADE,5670.5,2
2024-09-03 13:50:40.387549,TRADE,5669.5,3
2024-09-03 13:50:40.388027,TRADE,5669.25,1
2024-09-03 13:50:40.426475,TRADE,5669.5,1
2024-09-03 13:50:41.539761,TRADE,5669.5,1
2024-09-03 13:50:49.573236,TRADE,5669.75,1
2024-09-03 13:50:50.105142,TRADE,5669.75,1
2024-09-03 13:50:50.658235,TRADE,5670.0,1
2024-09-03 13:50:53.813984,TRADE,5669.25,1
2024-09-03 13:50:55.574967,TRADE,5669.0,1
2024-09-03 13:50:55.574979,TRADE,5668.75,1
2024-09-03 13:50:55.574979,TRADE,5668.5,1
2024-09-03 13:51:01.316947,TRADE,5669.0,1
2024-09-03 13:51:04.269376,TRADE,5669.5,1
2024-09-03 13:51:11.436969,TRADE,5669.75,1
2024-09-03 13:51:11.544067,TRADE,5670.0,1
2024-09-03 13:51:22.669839,TRADE,5669.25,1
2024-09-03 13:51:24.019182,TRADE,5669.0,1
2024-09-03 13:51:24.316813,TRADE,5668.75,1
2024-09-03 13:51:28.132315,TRADE,5669.0,1
2024-09-03 13:51:29.290825,TRADE,5669.5,1
2024-09-03 13:51:31.464699,TRADE,5669.0,1
2024-09-03 13:51:37.884489,TRADE,5669.75,1
2024-09-03 13:51:40.534064,TRADE,5668.5,1
2024-09-03 13:51:46.275416,TRADE,5667.5,1
2024-09-03 13:51:49.525389,TRADE,5667.5,1
2024-09-03 13:51:49.621797,TRADE,5667.75,1
2024-09-03 13:51:52.067377,TRADE,5667.25,1
2024-09-03 13:51:56.410788,TRADE,5667.75,1
2024-09-03 13:51:56.411132,TRADE,5667.75,1
2024-09-03 13:52:02.760444,TRADE,5667.75,1
2024-09-03 13:52:03.854807,TRADE,5667.5,1
2024-09-03 13:52:08.105025,TRADE,5668.25,1
2024-09-03 13:52:18.588725,TRADE,5668.75,1
2024-09-03 13:52:25.889303,TRADE,5668.5,1
2024-09-03 13:52:29.647544,TRADE,5668.25,1
2024-09-03 13:52:40.752013,TRADE,5669.5,1
2024-09-03 13:52:40.752047,TRADE,5669.5,1
2024-09-03 13:52:43.288755,TRADE,5670.0,1
2024-09-03 13:52:43.291547,TRADE,5670.0,3
2024-09-03 13:52:54.257169,TRADE,5670.0,1
2024-09-03 13:53:01.162839,TRADE,5670.75,1
2024-09-03 13:53:04.384416,TRADE,5671.75,1
2024-09-03 13:53:05.877744,TRADE,5672.25,1
2024-09-03 13:53:05.886234,TRADE,5672.25,1
2024-09-03 13:53:10.750338,TRADE,5672.75,1
2024-09-03 13:53:20.123540,TRADE,5672.75,1
2024-09-03 13:53:26.540345,TRADE,5673.0,1
2024-09-03 13:53:30.016120,TRADE,5673.25,1
2024-09-03 13:53:32.555609,TRADE,5671.75,1
2024-09-03 13:53:36.238260,TRADE,5671.75,1
2024-09-03 13:53:36.238260,TRADE,5671.5,4
2024-09-03 13:53:36.238260,TRADE,5671.25,2
2024-09-03 13:53:36.238260,TRADE,5671.0,5
2024-09-03 13:53:36.238260,TRADE,5670.75,3
2024-09-03 13:53:36.238260,TRADE,5670.5,13
2024-09-03 13:53:36.238260,TRADE,5670.25,5
2024-09-03 13:53:36.238260,TRADE,5670.0,4
2024-09-03 13:53:36.238260,TRADE,5669.75,2
2024-09-03 13:53:36.238260,TRADE,5669.5,3
2024-09-03 13:53:36.242260,TRADE,5670.5,1
2024-09-03 13:53:36.243237,TRADE,5669.25,1
2024-09-03 13:53:36.246581,TRADE,5670.0,1
2024-09-03 13:53:36.246581,TRADE,5670.25,2
2024-09-03 13:53:36.247830,TRADE,5669.25,1
2024-09-03 13:53:36.484953,TRADE,5667.5,1
2024-09-03 13:53:36.485307,TRADE,5667.5,2
2024-09-03 13:53:36.485794,TRADE,5667.5,1
2024-09-03 13:53:39.895291,TRADE,5667.5,1
2024-09-03 13:53:40.266924,TRADE,5667.25,1
2024-09-03 13:53:40.903547,TRADE,5667.0,1
2024-09-03 13:53:41.399128,TRADE,5667.0,1
2024-09-03 13:53:41.608391,TRADE,5667.25,1
2024-09-03 13:53:42.081976,TRADE,5667.0,1
2024-09-03 13:53:42.357244,TRADE,5667.25,1
2024-09-03 13:53:42.655663,TRADE,5667.5,1
2024-09-03 13:53:42.761413,TRADE,5667.75,2
2024-09-03 13:53:43.797672,TRADE,5667.25,2
2024-09-03 13:53:44.024745,TRADE,5666.75,1
2024-09-03 13:53:44.737782,TRADE,5667.5,1
2024-09-03 13:53:45.532690,TRADE,5667.5,1
2024-09-03 13:53:45.532735,TRADE,5667.5,1
2024-09-03 13:53:45.817520,TRADE,5668.0,1
2024-09-03 13:53:45.851678,TRADE,5668.0,1
2024-09-03 13:53:46.271254,TRADE,5668.0,1
2024-09-03 13:53:46.700768,TRADE,5668.0,1
2024-09-03 13:53:50.510481,TRADE,5668.25,2
2024-09-03 13:53:50.847021,TRADE,5668.25,2
2024-09-03 13:53:53.156217,TRADE,5668.0,1
2024-09-03 13:53:55.580415,TRADE,5667.25,1
2024-09-03 13:54:01.812326,TRADE,5667.25,1
2024-09-03 13:54:03.376656,TRADE,5667.75,1
2024-09-03 13:54:03.713656,TRADE,5667.0,1
2024-09-03 13:54:03.718252,TRADE,5666.5,1
2024-09-03 13:54:03.718501,TRADE,5666.5,1
2024-09-03 13:54:03.718821,TRADE,5666.5,1
2024-09-03 13:54:04.147008,TRADE,5666.0,1
2024-09-03 13:54:07.118272,TRADE,5665.0,2
2024-09-03 13:54:07.118349,TRADE,5664.75,1
2024-09-03 13:54:07.137314,TRADE,5665.0,1
2024-09-03 13:54:11.296000,TRADE,5663.75,1
2024-09-03 13:54:12.497568,TRADE,5664.25,1
2024-09-03 13:54:14.532358,TRADE,5664.5,1
2024-09-03 13:54:18.972220,TRADE,5665.0,1
2024-09-03 13:54:20.499600,TRADE,5664.5,2
2024-09-03 13:54:23.514720,TRADE,5664.5,1
2024-09-03 13:54:26.445209,TRADE,5664.75,1
2024-09-03 13:54:43.906454,TRADE,5665.25,1
2024-09-03 13:54:47.056554,TRADE,5665.0,1
2024-09-03 13:55:00.355567,TRADE,5666.0,1
2024-09-03 13:55:29.289116,TRADE,5666.25,1
2024-09-03 13:56:03.770613,TRADE,5666.75,1
2024-09-03 13:56:04.484679,TRADE,5667.0,2
2024-09-03 13:56:16.212376,TRADE,5668.25,1
2024-09-03 13:56:18.314584,TRADE,5667.0,1
2024-09-03 13:56:40.131775,TRADE,5665.75,1
2024-09-03 13:56:40.132194,TRADE,5666.0,2
2024-09-03 13:56:52.510190,TRADE,5665.75,2
2024-09-03 13:57:28.842684,TRADE,5667.25,1
2024-09-03 13:57:47.174414,TRADE,5668.5,1
2024-09-03 13:57:54.147500,TRADE,5669.75,1
2024-09-03 13:57:58.008654,TRADE,5669.25,1
2024-09-03 13:58:09.809265,TRADE,5669.25,2
2024-09-03 13:58:20.128032,TRADE,5670.0,1
2024-09-03 13:58:26.255903,TRADE,5672.75,1
2024-09-03 13:58:30.195492,TRADE,5671.75,1
2024-09-03 13:58:39.335240,TRADE,5670.75,1
2024-09-03 13:58:55.795255,TRADE,5673.0,1
2024-09-03 13:58:58.439232,TRADE,5673.5,2
2024-09-03 13:58:58.439358,TRADE,5673.25,1
2024-09-03 13:58:59.706508,TRADE,5673.75,1
2024-09-03 13:59:14.353215,TRADE,5672.0,2
2024-09-03 13:59:18.844116,TRADE,5671.5,1
2024-09-03 14:00:06.098525,TRADE,5667.5,2
2024-09-03 14:00:08.686898,TRADE,5666.0,1
2024-09-03 14:00:08.693019,TRADE,5666.0,1
2024-09-03 14:00:15.416644,TRADE,5666.75,1
2024-09-03 14:00:15.641983,TRADE,5667.0,2
2024-09-03 14:00:15.642041,TRADE,5667.0,1
2024-09-03 14:00:15.653154,TRADE,5667.0,1
2024-09-03 14:00:15.912189,TRADE,5666.25,1
2024-09-03 14:00:18.354371,TRADE,5667.0,1
2024-09-03 14:00:24.293699,TRADE,5665.5,1
2024-09-03 14:00:24.293699,TRADE,5665.75,1
2024-09-03 14:00:25.014195,TRADE,5666.25,1
2024-09-03 14:00:25.551131,TRADE,5665.75,1
2024-09-03 14:00:26.885563,TRADE,5666.25,1
2024-09-03 14:00:28.092376,TRADE,5664.75,1
2024-09-03 14:00:28.092385,TRADE,5664.5,2
2024-09-03 14:00:28.092385,TRADE,5664.25,1
2024-09-03 14:00:28.092385,TRADE,5664.0,2
2024-09-03 14:00:28.092979,TRADE,5664.0,1
2024-09-03 14:00:28.093086,TRADE,5664.0,7
2024-09-03 14:00:29.683736,TRADE,5663.5,3
2024-09-03 14:00:29.940443,TRADE,5663.25,1
2024-09-03 14:00:36.056061,TRADE,5662.5,1
2024-09-03 14:00:36.324149,TRADE,5663.0,1
2024-09-03 14:00:36.532286,TRADE,5663.0,1
2024-09-03 14:00:37.295004,TRADE,5664.5,1
2024-09-03 14:00:37.375062,TRADE,5664.5,1
2024-09-03 14:00:38.321509,TRADE,5664.75,1
2024-09-03 14:00:40.902694,TRADE,5665.5,1
2024-09-03 14:00:40.903181,TRADE,5665.5,1
2024-09-03 14:00:42.067726,TRADE,5665.5,1
2024-09-03 14:00:46.546174,TRADE,5665.25,1
2024-09-03 14:00:46.546174,TRADE,5665.0,4
2024-09-03 14:00:48.585007,TRADE,5665.5,2
2024-09-03 14:00:48.585063,TRADE,5665.5,1
2024-09-03 14:00:51.736691,TRADE,5665.0,1
2024-09-03 14:01:00.420468,TRADE,5666.0,1
2024-09-03 14:01:04.535507,TRADE,5665.5,1
2024-09-03 14:01:06.867662,TRADE,5665.0,1
2024-09-03 14:01:07.109353,TRADE,5664.5,1
2024-09-03 14:01:08.690780,TRADE,5664.25,1
2024-09-03 14:01:09.707918,TRADE,5664.75,1
2024-09-03 14:01:10.713746,TRADE,5665.25,1
2024-09-03 14:01:13.045092,TRADE,5667.5,1
2024-09-03 14:01:13.086277,TRADE,5668.0,1
2024-09-03 14:01:15.109007,TRADE,5669.25,1
2024-09-03 14:01:17.146997,TRADE,5668.75,1
2024-09-03 14:01:17.561684,TRADE,5668.25,1
2024-09-03 14:01:18.503011,TRADE,5668.0,1
2024-09-03 14:01:35.815455,TRADE,5667.25,1
2024-09-03 14:01:47.749334,TRADE,5665.75,1
2024-09-03 14:01:48.157314,TRADE,5666.0,1
2024-09-03 14:01:51.421143,TRADE,5667.5,1
2024-09-03 14:01:52.279733,TRADE,5667.75,1
2024-09-03 14:01:55.192482,TRADE,5668.5,1
2024-09-03 14:02:01.733055,TRADE,5668.25,1
2024-09-03 14:02:04.020153,TRADE,5666.5,1
2024-09-03 14:02:25.328332,TRADE,5665.75,1
2024-09-03 14:02:29.436562,TRADE,5665.25,1
2024-09-03 14:02:31.258179,TRADE,5665.25,1
2024-09-03 14:02:51.063254,TRADE,5664.75,1
2024-09-03 14:02:55.401116,TRADE,5664.0,1
2024-09-03 14:02:58.176971,TRADE,5664.0,2
2024-09-03 14:02:59.139721,TRADE,5664.75,1
2024-09-03 14:03:00.581351,TRADE,5664.5,2
2024-09-03 14:03:07.713202,TRADE,5664.75,1
2024-09-03 14:03:10.118545,TRADE,5665.0,1
2024-09-03 14:03:12.185377,TRADE,5664.5,1
2024-09-03 14:03:12.678423,TRADE,5664.5,1
2024-09-03 14:03:14.383830,TRADE,5664.25,1
2024-09-03 14:03:14.384005,TRADE,5664.25,1
2024-09-03 14:03:19.141837,TRADE,5663.0,1
2024-09-03 14:03:19.160349,TRADE,5663.0,1
2024-09-03 14:03:22.360111,TRADE,5662.5,1
2024-09-03 14:03:23.675276,TRADE,5663.0,1
2024-09-03 14:03:24.721517,TRADE,5662.5,1
2024-09-03 14:03:28.911033,TRADE,5660.25,1
2024-09-03 14:03:28.917367,TRADE,5659.75,1
2024-09-03 14:03:28.940481,TRADE,5659.5,1
2024-09-03 14:03:29.170705,TRADE,5659.0,1
2024-09-03 14:03:29.280108,TRADE,5659.25,1
2024-09-03 14:03:38.778855,TRADE,5658.5,1
2024-09-03 14:03:38.778891,TRADE,5658.5,1
2024-09-03 14:03:39.108952,TRADE,5658.25,1
2024-09-03 14:03:40.415006,TRADE,5659.0,1
2024-09-03 14:03:41.834947,TRADE,5658.0,1
2024-09-03 14:03:45.367690,TRADE,5658.75,2
2024-09-03 14:03:45.538628,TRADE,5659.0,1
2024-09-03 14:03:47.836441,TRADE,5659.25,1
2024-09-03 14:03:47.836508,TRADE,5659.0,3
2024-09-03 14:03:47.838472,TRADE,5658.75,1
2024-09-03 14:03:47.839571,TRADE,5658.5,1
2024-09-03 14:03:48.373670,TRADE,5658.25,1
2024-09-03 14:03:48.823420,TRADE,5658.5,1
2024-09-03 14:03:50.103960,TRADE,5658.25,1
2024-09-03 14:03:50.800291,TRADE,5658.25,1
2024-09-03 14:03:50.994737,TRADE,5658.5,1
2024-09-03 14:03:50.997466,TRADE,5659.0,2
2024-09-03 14:03:53.765071,TRADE,5658.75,1
2024-09-03 14:03:57.436940,TRADE,5658.25,1
2024-09-03 14:04:00.190778,TRADE,5657.75,1
2024-09-03 14:04:00.207057,TRADE,5657.5,2
2024-09-03 14:04:00.209288,TRADE,5657.25,1
2024-09-03 14:04:00.211198,TRADE,5657.0,1
2024-09-03 14:04:00.813454,TRADE,5657.25,1
2024-09-03 14:04:00.989352,TRADE,5657.25,1
2024-09-03 14:04:01.835313,TRADE,5657.25,1
2024-09-03 14:04:02.145848,TRADE,5655.75,2
2024-09-03 14:04:03.154852,TRADE,5655.25,1
2024-09-03 14:04:06.601017,TRADE,5655.0,1
2024-09-03 14:04:06.601028,TRADE,5654.75,1
2024-09-03 14:04:06.601028,TRADE,5654.5,4
2024-09-03 14:04:06.674281,TRADE,5654.5,2
2024-09-03 14:04:07.296238,TRADE,5654.25,1
2024-09-03 14:04:07.330422,TRADE,5653.75,1
2024-09-03 14:04:07.843004,TRADE,5654.75,1
2024-09-03 14:04:11.908802,TRADE,5653.75,1
2024-09-03 14:04:12.545600,TRADE,5654.0,1
2024-09-03 14:04:13.115252,TRADE,5653.25,2
2024-09-03 14:04:14.437059,TRADE,5653.25,1
2024-09-03 14:04:15.447777,TRADE,5653.25,1
2024-09-03 14:04:16.261914,TRADE,5653.5,1
2024-09-03 14:04:16.940123,TRADE,5654.75,1
2024-09-03 14:04:17.387231,TRADE,5655.0,1
2024-09-03 14:04:17.391272,TRADE,5655.0,3
2024-09-03 14:04:17.592788,TRADE,5654.75,1
2024-09-03 14:04:31.625731,TRADE,5653.5,3
2024-09-03 14:04:32.478653,TRADE,5654.75,1
2024-09-03 14:04:32.500136,TRADE,5655.0,1
2024-09-03 14:04:32.502391,TRADE,5655.0,3
2024-09-03 14:04:32.504739,TRADE,5655.0,1
2024-09-03 14:04:32.510174,TRADE,5655.0,3
2024-09-03 14:04:32.563946,TRADE,5655.0,1
2024-09-03 14:04:32.564030,TRADE,5655.0,10
2024-09-03 14:04:32.569034,TRADE,5655.0,2
2024-09-03 14:04:38.503428,TRADE,5656.0,3
2024-09-03 14:04:38.957108,TRADE,5656.0,1
2024-09-03 14:05:00.010177,TRADE,5656.0,1
2024-09-03 14:05:00.010619,TRADE,5656.0,1
2024-09-03 14:05:02.055134,TRADE,5655.0,1
2024-09-03 14:05:02.448795,TRADE,5654.75,1
2024-09-03 14:05:06.165074,TRADE,5657.75,1
2024-09-03 14:05:06.308756,TRADE,5657.75,2
2024-09-03 14:05:06.381781,TRADE,5658.0,2
2024-09-03 14:05:07.770526,TRADE,5657.75,1
2024-09-03 14:05:07.996569,TRADE,5657.75,1
2024-09-03 14:05:09.312471,TRADE,5658.0,1
2024-09-03 14:05:09.398072,TRADE,5658.25,1
2024-09-03 14:05:11.581729,TRADE,5657.0,1
2024-09-03 14:05:12.220120,TRADE,5657.0,1
2024-09-03 14:05:14.398275,TRADE,5657.75,1
2024-09-03 14:05:17.186772,TRADE,5656.75,1
2024-09-03 14:05:21.054809,TRADE,5656.75,1
2024-09-03 14:05:22.466533,TRADE,5657.5,2
2024-09-03 14:05:22.467125,TRADE,5657.25,2
2024-09-03 14:05:35.240769,TRADE,5656.25,1
2024-09-03 14:05:40.636344,TRADE,5656.75,1
2024-09-03 14:05:43.703168,TRADE,5656.5,2
2024-09-03 14:05:46.217929,TRADE,5656.5,1
2024-09-03 14:05:55.235515,TRADE,5656.5,1
2024-09-03 14:05:59.704725,TRADE,5656.0,1
2024-09-03 14:06:01.821201,TRADE,5655.5,1
2024-09-03 14:06:01.871766,TRADE,5655.25,1
2024-09-03 14:06:04.042282,TRADE,5655.25,1
2024-09-03 14:06:12.754804,TRADE,5655.25,1
2024-09-03 14:06:14.981511,TRADE,5655.25,2
2024-09-03 14:06:15.934359,TRADE,5655.5,1
2024-09-03 14:06:17.498029,TRADE,5655.25,1
2024-09-03 14:06:21.350111,TRADE,5654.5,1
2024-09-03 14:06:21.528732,TRADE,5653.75,1
2024-09-03 14:06:31.598656,TRADE,5655.25,2
2024-09-03 14:06:34.930884,TRADE,5654.75,1
2024-09-03 14:06:46.378856,TRADE,5657.0,1
2024-09-03 14:06:46.521889,TRADE,5657.25,1
2024-09-03 14:06:46.960463,TRADE,5657.25,1
2024-09-03 14:06:48.758322,TRADE,5657.25,1
2024-09-03 14:06:50.429301,TRADE,5657.0,1
2024-09-03 14:06:57.139334,TRADE,5655.0,1
2024-09-03 14:07:02.507996,TRADE,5654.0,2
2024-09-03 14:07:09.006605,TRADE,5654.25,1
2024-09-03 14:07:13.589020,TRADE,5653.75,1
2024-09-03 14:07:13.602419,TRADE,5653.5,1
2024-09-03 14:07:17.073174,TRADE,5654.0,4
2024-09-03 14:07:17.077131,TRADE,5654.25,1
2024-09-03 14:07:18.627733,TRADE,5653.5,1
2024-09-03 14:07:21.468183,TRADE,5654.25,1
2024-09-03 14:07:21.491960,TRADE,5654.0,1
2024-09-03 14:07:52.423991,TRADE,5655.25,1
2024-09-03 14:08:03.468832,TRADE,5653.25,3
2024-09-03 14:08:03.468832,TRADE,5653.0,4
2024-09-03 14:08:03.468832,TRADE,5652.75,2
2024-09-03 14:08:03.468832,TRADE,5652.5,3
2024-09-03 14:08:03.468832,TRADE,5652.25,1
2024-09-03 14:08:05.073837,TRADE,5654.25,1
2024-09-03 14:08:11.620492,TRADE,5654.5,1
2024-09-03 14:08:14.452833,TRADE,5653.75,2
2024-09-03 14:08:14.930677,TRADE,5653.0,1
2024-09-03 14:08:14.999919,TRADE,5651.75,1
2024-09-03 14:08:15.001968,TRADE,5652.0,1
2024-09-03 14:08:15.213193,TRADE,5651.5,1
2024-09-03 14:08:16.636977,TRADE,5653.0,1
2024-09-03 14:08:16.853543,TRADE,5653.0,1
2024-09-03 14:08:16.919628,TRADE,5653.0,2
2024-09-03 14:08:22.215175,TRADE,5654.0,1
2024-09-03 14:08:22.269517,TRADE,5654.25,1
2024-09-03 14:08:32.301522,TRADE,5653.0,2
2024-09-03 14:08:32.366525,TRADE,5653.5,1
2024-09-03 14:08:32.366525,TRADE,5653.75,1
2024-09-03 14:08:36.144193,TRADE,5654.0,1
2024-09-03 14:08:40.938250,TRADE,5654.5,1
2024-09-03 14:08:41.409468,TRADE,5654.0,1
2024-09-03 14:08:46.693025,TRADE,5654.0,1
2024-09-03 14:08:50.999336,TRADE,5653.5,4
2024-09-03 14:09:01.021446,TRADE,5654.5,1
2024-09-03 14:09:02.595567,TRADE,5656.0,1
2024-09-03 14:09:02.595603,TRADE,5656.0,2
2024-09-03 14:09:03.841178,TRADE,5656.75,1
2024-09-03 14:09:05.052621,TRADE,5657.0,1
2024-09-03 14:09:05.388725,TRADE,5657.25,1
2024-09-03 14:09:07.401079,TRADE,5656.75,4
2024-09-03 14:09:07.401079,TRADE,5656.5,6
2024-09-03 14:09:08.525480,TRADE,5657.25,1
2024-09-03 14:09:09.031617,TRADE,5656.75,1
2024-09-03 14:09:09.880827,TRADE,5656.75,1
2024-09-03 14:09:13.751864,TRADE,5657.0,1
2024-09-03 14:09:14.092872,TRADE,5657.5,1
2024-09-03 14:09:15.257576,TRADE,5658.25,1
2024-09-03 14:09:15.358449,TRADE,5658.25,1
2024-09-03 14:09:17.066189,TRADE,5658.5,1
2024-09-03 14:09:17.083930,TRADE,5658.0,2
2024-09-03 14:09:17.779134,TRADE,5658.5,1
2024-09-03 14:09:19.999892,TRADE,5657.75,1
2024-09-03 14:09:24.007776,TRADE,5657.0,1
2024-09-03 14:09:45.941281,TRADE,5657.75,1
2024-09-03 14:09:45.941487,TRADE,5658.0,1
2024-09-03 14:09:46.004532,TRADE,5657.5,1
2024-09-03 14:09:47.312350,TRADE,5657.75,1
2024-09-03 14:09:55.138716,TRADE,5658.25,1
2024-09-03 14:09:59.812517,TRADE,5657.5,2
2024-09-03 14:10:05.104672,TRADE,5657.25,2
2024-09-03 14:10:10.940994,TRADE,5657.75,2
2024-09-03 14:10:11.812082,TRADE,5657.75,1
2024-09-03 14:10:16.776946,TRADE,5656.25,2
2024-09-03 14:10:16.885741,TRADE,5656.25,1
2024-09-03 14:10:18.478907,TRADE,5657.25,1
2024-09-03 14:10:21.183359,TRADE,5656.25,1
2024-09-03 14:10:22.756271,TRADE,5656.5,2
2024-09-03 14:10:27.205621,TRADE,5656.25,2
2024-09-03 14:10:29.019815,TRADE,5656.0,2
2024-09-03 14:10:30.628047,TRADE,5656.25,1
2024-09-03 14:10:33.053148,TRADE,5657.25,1
2024-09-03 14:10:34.456154,TRADE,5657.0,1
2024-09-03 14:10:35.141092,TRADE,5657.0,1
2024-09-03 14:10:37.111147,TRADE,5657.25,2
2024-09-03 14:10:38.781788,TRADE,5658.25,1
2024-09-03 14:10:40.978821,TRADE,5658.25,2
2024-09-03 14:10:53.869007,TRADE,5658.0,1
2024-09-03 14:10:55.502064,TRADE,5658.25,1
2024-09-03 14:10:56.133120,TRADE,5658.0,1
2024-09-03 14:10:57.065752,TRADE,5658.0,2
2024-09-03 14:10:59.175814,TRADE,5658.25,1
2024-09-03 14:11:01.686656,TRADE,5657.5,2
2024-09-03 14:11:01.701428,TRADE,5657.25,1
2024-09-03 14:11:01.701517,TRADE,5657.25,1
2024-09-03 14:11:05.939335,TRADE,5657.0,1
2024-09-03 14:11:07.464196,TRADE,5657.75,1
2024-09-03 14:11:17.055159,TRADE,5657.75,2
2024-09-03 14:11:19.484574,TRADE,5657.5,1
2024-09-03 14:11:35.276207,TRADE,5657.25,1
2024-09-03 14:11:37.994059,TRADE,5656.75,1
2024-09-03 14:11:48.958437,TRADE,5655.0,1
2024-09-03 14:11:54.813304,TRADE,5655.25,1
2024-09-03 14:11:54.831892,TRADE,5655.25,1
2024-09-03 14:12:10.175130,TRADE,5656.5,1
2024-09-03 14:12:10.177714,TRADE,5656.75,1
2024-09-03 14:12:11.857236,TRADE,5655.0,1
2024-09-03 14:12:16.134393,TRADE,5655.25,1
2024-09-03 14:12:17.685247,TRADE,5654.75,1
2024-09-03 14:12:17.685706,TRADE,5654.5,1
2024-09-03 14:12:24.166527,TRADE,5654.0,1
2024-09-03 14:12:24.167427,TRADE,5654.0,1
2024-09-03 14:12:29.894812,TRADE,5654.75,1
2024-09-03 14:12:33.538451,TRADE,5655.0,2
2024-09-03 14:12:38.864282,TRADE,5653.75,2
2024-09-03 14:12:38.864282,TRADE,5653.5,4
2024-09-03 14:12:38.864785,TRADE,5653.25,2
2024-09-03 14:12:38.866098,TRADE,5653.5,4
2024-09-03 14:12:38.894583,TRADE,5653.0,1
2024-09-03 14:12:38.894583,TRADE,5652.75,1
2024-09-03 14:12:39.338003,TRADE,5653.5,1
2024-09-03 14:12:39.853124,TRADE,5653.0,2
2024-09-03 14:12:39.853124,TRADE,5652.75,5
2024-09-03 14:12:40.942770,TRADE,5652.75,2
2024-09-03 14:12:40.942770,TRADE,5652.5,1
2024-09-03 14:12:43.526379,TRADE,5653.5,1
2024-09-03 14:12:46.604328,TRADE,5653.25,1
2024-09-03 14:12:48.041831,TRADE,5653.75,1
2024-09-03 14:12:52.684275,TRADE,5653.25,2
2024-09-03 14:12:52.684275,TRADE,5653.5,2
2024-09-03 14:12:53.202167,TRADE,5653.25,1
2024-09-03 14:12:58.218919,TRADE,5653.5,1
2024-09-03 14:13:01.367671,TRADE,5653.0,1
2024-09-03 14:13:03.404256,TRADE,5654.25,1
2024-09-03 14:13:10.992327,TRADE,5654.25,1
2024-09-03 14:13:13.149683,TRADE,5653.5,1
2024-09-03 14:13:17.586934,TRADE,5653.25,1
2024-09-03 14:13:43.515158,TRADE,5651.0,1
2024-09-03 14:13:43.519812,TRADE,5650.75,1
2024-09-03 14:13:43.569997,TRADE,5650.5,1
2024-09-03 14:13:45.735499,TRADE,5651.0,1
2024-09-03 14:13:47.696065,TRADE,5650.75,1
2024-09-03 14:13:50.110029,TRADE,5651.25,1
2024-09-03 14:13:50.110208,TRADE,5651.25,1
2024-09-03 14:14:05.565188,TRADE,5651.75,1
2024-09-03 14:14:08.698826,TRADE,5651.25,1
2024-09-03 14:14:11.099979,TRADE,5650.0,8
2024-09-03 14:14:11.099979,TRADE,5649.75,2
2024-09-03 14:14:11.101057,TRADE,5649.5,4
2024-09-03 14:14:11.101057,TRADE,5649.25,1
2024-09-03 14:14:11.103921,TRADE,5649.0,1
2024-09-03 14:14:11.104836,TRADE,5648.75,1
2024-09-03 14:14:11.104836,TRADE,5648.5,1
2024-09-03 14:14:11.105182,TRADE,5648.25,1
2024-09-03 14:14:11.121145,TRADE,5647.75,2
2024-09-03 14:14:11.122346,TRADE,5647.5,2
2024-09-03 14:14:11.124408,TRADE,5647.25,2
2024-09-03 14:14:11.961426,TRADE,5648.75,1
2024-09-03 14:14:12.532325,TRADE,5648.5,1
2024-09-03 14:14:12.770318,TRADE,5648.75,1
2024-09-03 14:14:13.469557,TRADE,5648.25,1
2024-09-03 14:14:13.469557,TRADE,5648.0,1
2024-09-03 14:14:14.462126,TRADE,5648.5,1
2024-09-03 14:14:18.981731,TRADE,5648.0,1
2024-09-03 14:14:44.817371,TRADE,5648.0,1
2024-09-03 14:14:52.507335,TRADE,5647.25,1
2024-09-03 14:14:54.751152,TRADE,5647.0,2
2024-09-03 14:15:04.115134,TRADE,5645.0,2
2024-09-03 14:15:04.115238,TRADE,5645.0,1
2024-09-03 14:15:04.115238,TRADE,5645.0,1
2024-09-03 14:15:05.292757,TRADE,5645.75,1
2024-09-03 14:15:05.292953,TRADE,5646.0,4
2024-09-03 14:15:05.410714,TRADE,5646.5,3
2024-09-03 14:15:16.095594,TRADE,5648.25,1
2024-09-03 14:15:17.305923,TRADE,5648.75,1
2024-09-03 14:15:17.367468,TRADE,5649.0,1
2024-09-03 14:15:17.367899,TRADE,5649.0,1
2024-09-03 14:15:17.476072,TRADE,5649.0,1
2024-09-03 14:15:23.414636,TRADE,5648.0,1
2024-09-03 14:15:34.678444,TRADE,5647.75,2
2024-09-03 14:15:37.961518,TRADE,5648.0,2
2024-09-03 14:15:37.961678,TRADE,5648.0,1
2024-09-03 14:15:40.709436,TRADE,5648.0,2
2024-09-03 14:15:48.070249,TRADE,5647.75,1
2024-09-03 14:15:58.083847,TRADE,5647.75,2
2024-09-03 14:16:03.083750,TRADE,5647.5,1
2024-09-03 14:16:04.781957,TRADE,5646.75,1
2024-09-03 14:16:05.815775,TRADE,5646.25,2
2024-09-03 14:16:05.815775,TRADE,5646.0,4
2024-09-03 14:16:05.815775,TRADE,5645.75,2
2024-09-03 14:16:05.815775,TRADE,5645.5,4
2024-09-03 14:16:05.815775,TRADE,5645.25,3
2024-09-03 14:16:07.510126,TRADE,5646.75,2
2024-09-03 14:16:09.742995,TRADE,5646.5,1
2024-09-03 14:16:10.703695,TRADE,5646.5,1
2024-09-03 14:16:17.034949,TRADE,5647.0,1
2024-09-03 14:16:17.034949,TRADE,5647.25,2
2024-09-03 14:16:17.034949,TRADE,5647.5,1
2024-09-03 14:16:21.821556,TRADE,5647.0,2
2024-09-03 14:16:22.216486,TRADE,5646.75,1
2024-09-03 14:16:22.216486,TRADE,5646.5,1
2024-09-03 14:16:29.381892,TRADE,5647.5,2
2024-09-03 14:16:38.954503,TRADE,5647.5,2
2024-09-03 14:16:40.026832,TRADE,5647.0,1
2024-09-03 14:16:41.433067,TRADE,5647.75,1
2024-09-03 14:16:43.772861,TRADE,5647.5,1
2024-09-03 14:16:43.909786,TRADE,5647.5,1
2024-09-03 14:16:47.253855,TRADE,5647.75,2
2024-09-03 14:16:50.653981,TRADE,5647.75,1
2024-09-03 14:16:51.124467,TRADE,5647.5,2
2024-09-03 14:16:56.479170,TRADE,5647.5,3
2024-09-03 14:16:56.479170,TRADE,5647.25,2
2024-09-03 14:17:02.362597,TRADE,5646.75,1
2024-09-03 14:17:24.632203,TRADE,5645.5,1
2024-09-03 14:17:30.358005,TRADE,5647.0,1
2024-09-03 14:17:32.796198,TRADE,5646.75,2
2024-09-03 14:17:32.798437,TRADE,5646.75,1
2024-09-03 14:17:41.148394,TRADE,5646.75,1
2024-09-03 14:17:41.186567,TRADE,5646.25,1
2024-09-03 14:17:47.451847,TRADE,5646.5,4
2024-09-03 14:17:47.451847,TRADE,5646.75,1
2024-09-03 14:18:08.239054,TRADE,5645.75,1
2024-09-03 14:18:13.292983,TRADE,5647.75,1
2024-09-03 14:18:15.019510,TRADE,5648.0,1
2024-09-03 14:18:18.696337,TRADE,5649.0,1
2024-09-03 14:18:18.837237,TRADE,5649.0,1
2024-09-03 14:18:20.477725,TRADE,5650.0,1
2024-09-03 14:18:22.139845,TRADE,5650.0,1
2024-09-03 14:18:23.216353,TRADE,5649.75,1
2024-09-03 14:18:26.207520,TRADE,5650.75,1
2024-09-03 14:18:47.939416,TRADE,5649.0,1
2024-09-03 14:18:47.973092,TRADE,5649.25,1
2024-09-03 14:18:49.381246,TRADE,5649.25,1
2024-09-03 14:19:05.023453,TRADE,5650.0,1
2024-09-03 14:19:10.238551,TRADE,5650.75,2
2024-09-03 14:19:23.770039,TRADE,5652.0,1
2024-09-03 14:19:27.341622,TRADE,5651.5,1
2024-09-03 14:19:37.111989,TRADE,5652.25,2
2024-09-03 14:19:59.650732,TRADE,5651.5,1
2024-09-03 14:20:00.026986,TRADE,5651.25,1
2024-09-03 14:20:01.594916,TRADE,5651.0,1
2024-09-03 14:20:01.595147,TRADE,5651.0,2
2024-09-03 14:20:01.595196,TRADE,5651.0,2
2024-09-03 14:20:01.595266,TRADE,5651.0,1
2024-09-03 14:20:01.595475,TRADE,5651.0,2
2024-09-03 14:20:06.633066,TRADE,5652.25,1
2024-09-03 14:20:11.878208,TRADE,5652.25,2
2024-09-03 14:20:12.004346,TRADE,5652.5,1
2024-09-03 14:20:12.493322,TRADE,5653.0,1
2024-09-03 14:20:19.813164,TRADE,5652.75,1
2024-09-03 14:20:22.459408,TRADE,5652.5,1
2024-09-03 14:20:22.632766,TRADE,5652.75,1
2024-09-03 14:20:22.632766,TRADE,5653.0,4
2024-09-03 14:20:22.632766,TRADE,5653.25,2
2024-09-03 14:20:26.041751,TRADE,5651.5,1
2024-09-03 14:20:32.528163,TRADE,5651.25,1
2024-09-03 14:20:32.852462,TRADE,5651.0,1
2024-09-03 14:20:32.878038,TRADE,5651.0,1
2024-09-03 14:20:32.878319,TRADE,5651.0,17
2024-09-03 14:20:32.878348,TRADE,5651.0,1
2024-09-03 14:20:32.878446,TRADE,5651.0,1
2024-09-03 14:20:32.878540,TRADE,5651.0,1
2024-09-03 14:20:32.878735,TRADE,5651.0,2
2024-09-03 14:20:32.878829,TRADE,5651.0,3
2024-09-03 14:20:32.878829,TRADE,5651.0,38
2024-09-03 14:20:32.879305,TRADE,5651.0,2
2024-09-03 14:20:33.448771,TRADE,5651.0,1
2024-09-03 14:20:33.448933,TRADE,5651.0,1
2024-09-03 14:20:33.448999,TRADE,5651.0,2
2024-09-03 14:20:33.449412,TRADE,5651.0,2
2024-09-03 14:20:33.449500,TRADE,5651.0,1
2024-09-03 14:20:33.549187,TRADE,5651.0,2
2024-09-03 14:20:33.649371,TRADE,5651.0,2
2024-09-03 14:20:33.867398,TRADE,5651.0,2
2024-09-03 14:20:34.041231,TRADE,5651.0,2
2024-09-03 14:20:34.576793,TRADE,5651.0,2
2024-09-03 14:20:34.653308,TRADE,5651.0,3
2024-09-03 14:20:34.676361,TRADE,5651.0,1
2024-09-03 14:20:34.676513,TRADE,5651.0,1
2024-09-03 14:20:34.676652,TRADE,5651.0,2
2024-09-03 14:20:34.676736,TRADE,5651.0,2
2024-09-03 14:20:34.676736,TRADE,5651.0,3
2024-09-03 14:20:34.677071,TRADE,5651.0,16
2024-09-03 14:20:34.677071,TRADE,5651.0,2
2024-09-03 14:20:34.677222,TRADE,5651.0,1
2024-09-03 14:20:34.677426,TRADE,5651.0,2
2024-09-03 14:20:34.677426,TRADE,5651.0,2
2024-09-03 14:20:34.677634,TRADE,5651.0,2
2024-09-03 14:20:34.677645,TRADE,5651.0,21
2024-09-03 14:20:34.677858,TRADE,5651.0,1
2024-09-03 14:20:34.677991,TRADE,5651.0,1
2024-09-03 14:20:34.678078,TRADE,5651.0,2
2024-09-03 14:20:34.678290,TRADE,5651.0,2
2024-09-03 14:20:34.678290,TRADE,5651.0,2
2024-09-03 14:20:34.678290,TRADE,5651.0,4
2024-09-03 14:20:34.678478,TRADE,5651.0,1
2024-09-03 14:20:34.678658,TRADE,5651.0,2
2024-09-03 14:20:34.678853,TRADE,5651.0,2
2024-09-03 14:20:34.679794,TRADE,5651.0,1
2024-09-03 14:20:34.682218,TRADE,5651.0,3
2024-09-03 14:20:34.682263,TRADE,5651.0,2
2024-09-03 14:20:34.683137,TRADE,5651.0,1
2024-09-03 14:20:34.684947,TRADE,5651.0,1
2024-09-03 14:20:34.688554,TRADE,5651.0,3
2024-09-03 14:20:34.693450,TRADE,5651.0,1
2024-09-03 14:20:34.697377,TRADE,5651.0,1
2024-09-03 14:20:34.700320,TRADE,5651.0,1
2024-09-03 14:20:34.715020,TRADE,5651.0,3
2024-09-03 14:20:34.965258,TRADE,5651.0,2
2024-09-03 14:20:34.965340,TRADE,5651.0,3
2024-09-03 14:20:34.969472,TRADE,5651.0,1
2024-09-03 14:20:35.369598,TRADE,5651.0,3
2024-09-03 14:20:35.507217,TRADE,5651.5,1
2024-09-03 14:20:36.694049,TRADE,5651.0,3
2024-09-03 14:20:36.694235,TRADE,5651.0,4
2024-09-03 14:20:36.902089,TRADE,5651.25,1
2024-09-03 14:20:42.935192,TRADE,5650.5,1
2024-09-03 14:20:42.935192,TRADE,5650.25,2
2024-09-03 14:20:42.935192,TRADE,5650.0,4
2024-09-03 14:20:44.073327,TRADE,5649.5,1
2024-09-03 14:20:46.443929,TRADE,5649.75,1
2024-09-03 14:20:56.836337,TRADE,5650.0,3
2024-09-03 14:20:57.024795,TRADE,5650.0,2
2024-09-03 14:21:20.755173,TRADE,5652.0,1
2024-09-03 14:21:48.586720,TRADE,5652.75,1
2024-09-03 14:22:16.003109,TRADE,5651.75,1
2024-09-03 14:22:18.029475,TRADE,5650.75,1
2024-09-03 14:22:31.344289,TRADE,5650.75,1
2024-09-03 14:22:31.713622,TRADE,5651.0,1
2024-09-03 14:22:31.768052,TRADE,5652.25,1
2024-09-03 14:22:31.768958,TRADE,5652.25,1
2024-09-03 14:22:32.302849,TRADE,5652.25,1
2024-09-03 14:22:38.807014,TRADE,5653.0,1
2024-09-03 14:22:40.494459,TRADE,5654.0,1
2024-09-03 14:22:54.684707,TRADE,5654.5,1
2024-09-03 14:22:55.313441,TRADE,5654.25,1
2024-09-03 14:22:55.886738,TRADE,5654.25,1
2024-09-03 14:22:57.748744,TRADE,5653.5,1
2024-09-03 14:22:59.951680,TRADE,5652.75,1
2024-09-03 14:23:08.635149,TRADE,5653.25,1
2024-09-03 14:23:21.633216,TRADE,5653.0,1
2024-09-03 14:24:00.529444,TRADE,5651.25,1
2024-09-03 14:24:00.531019,TRADE,5651.5,1
2024-09-03 14:24:09.719160,TRADE,5652.25,1
2024-09-03 14:24:10.003264,TRADE,5651.75,1
2024-09-03 14:24:12.251481,TRADE,5651.75,1
2024-09-03 14:24:36.523646,TRADE,5652.25,1
2024-09-03 14:24:38.931407,TRADE,5652.25,1
2024-09-03 14:24:38.948191,TRADE,5652.25,1
2024-09-03 14:24:46.160781,TRADE,5652.5,1
2024-09-03 14:25:12.756158,TRADE,5652.5,1
2024-09-03 14:25:38.197595,TRADE,5655.0,1
2024-09-03 14:25:38.224763,TRADE,5655.25,2
2024-09-03 14:25:55.375689,TRADE,5657.0,3
2024-09-03 14:25:55.383027,TRADE,5657.0,2
2024-09-03 14:26:03.220543,TRADE,5656.75,1
2024-09-03 14:26:04.628902,TRADE,5656.25,2
2024-09-03 14:26:04.628902,TRADE,5656.0,3
2024-09-03 14:26:04.629083,TRADE,5656.0,33
2024-09-03 14:26:04.629175,TRADE,5656.0,2
2024-09-03 14:26:24.963586,TRADE,5655.5,1
2024-09-03 14:26:26.212878,TRADE,5655.75,2
2024-09-03 14:26:55.090698,TRADE,5655.5,1
2024-09-03 14:26:57.585711,TRADE,5655.5,1
2024-09-03 14:26:58.398632,TRADE,5655.25,1
2024-09-03 14:27:01.660879,TRADE,5655.0,1
2024-09-03 14:27:02.557864,TRADE,5654.75,1
2024-09-03 14:27:13.022442,TRADE,5655.5,2
2024-09-03 14:27:20.113991,TRADE,5656.0,1
2024-09-03 14:27:29.635651,TRADE,5656.25,1
2024-09-03 14:27:29.635826,TRADE,5656.25,1
2024-09-03 14:27:37.370803,TRADE,5655.25,1
2024-09-03 14:27:47.967085,TRADE,5653.0,1
2024-09-03 14:27:48.483277,TRADE,5653.25,1
2024-09-03 14:27:51.374348,TRADE,5653.25,1
2024-09-03 14:27:52.898916,TRADE,5653.25,2
2024-09-03 14:28:04.713192,TRADE,5652.25,1
2024-09-03 14:28:56.298383,TRADE,5650.25,1
2024-09-03 14:29:05.791404,TRADE,5650.0,2
2024-09-03 14:29:08.222468,TRADE,5650.5,1
2024-09-03 14:29:10.016915,TRADE,5650.75,1
2024-09-03 14:30:00.112420,TRADE,5653.5,1
2024-09-03 14:30:12.184067,TRADE,5650.75,1
2024-09-03 14:30:13.923867,TRADE,5650.25,2
2024-09-03 14:30:13.923867,TRADE,5650.0,1
2024-09-03 14:30:31.776433,TRADE,5649.25,2
2024-09-03 14:30:34.617270,TRADE,5649.0,1
2024-09-03 14:31:15.276360,TRADE,5648.75,1
2024-09-03 14:31:16.525536,TRADE,5648.25,1
2024-09-03 14:31:29.235571,TRADE,5644.75,1
2024-09-03 14:31:29.237082,TRADE,5644.5,1
2024-09-03 14:31:29.239612,TRADE,5644.25,1
2024-09-03 14:31:29.570633,TRADE,5645.0,2
2024-09-03 14:31:46.404571,TRADE,5644.0,2
2024-09-03 14:31:47.931936,TRADE,5643.0,1
2024-09-03 14:31:50.214643,TRADE,5643.25,2
2024-09-03 14:31:54.324032,TRADE,5643.25,3
2024-09-03 14:31:54.324202,TRADE,5643.25,1
2024-09-03 14:31:54.324258,TRADE,5643.25,1
2024-09-03 14:31:59.105891,TRADE,5643.5,1
2024-09-03 14:32:02.706817,TRADE,5644.25,1
2024-09-03 14:32:17.284107,TRADE,5643.75,1
2024-09-03 14:32:17.284315,TRADE,5643.75,1
2024-09-03 14:32:19.834811,TRADE,5642.5,1
2024-09-03 14:32:22.814044,TRADE,5642.25,1
2024-09-03 14:32:28.994240,TRADE,5642.0,2
2024-09-03 14:32:36.297372,TRADE,5642.0,2
2024-09-03 14:32:36.297604,TRADE,5642.0,1
2024-09-03 14:32:37.727457,TRADE,5642.5,1
2024-09-03 14:32:44.057649,TRADE,5643.25,2
2024-09-03 14:32:44.057649,TRADE,5643.5,3
2024-09-03 14:32:46.399407,TRADE,5642.75,1
2024-09-03 14:32:51.928390,TRADE,5642.75,2
2024-09-03 14:32:52.988632,TRADE,5643.0,1
2024-09-03 14:32:52.988727,TRADE,5643.0,2
2024-09-03 14:33:03.909329,TRADE,5642.25,1
2024-09-03 14:33:21.827172,TRADE,5645.25,1
2024-09-03 14:33:26.208559,TRADE,5645.0,1
2024-09-03 14:33:34.382588,TRADE,5645.25,2
2024-09-03 14:33:40.432777,TRADE,5646.0,1
2024-09-03 14:33:42.621455,TRADE,5646.0,1
2024-09-03 14:33:51.122206,TRADE,5646.25,1
2024-09-03 14:33:51.316549,TRADE,5646.25,1
2024-09-03 14:33:53.522577,TRADE,5646.0,1
2024-09-03 14:33:53.645522,TRADE,5646.0,2
2024-09-03 14:33:55.649327,TRADE,5646.0,1
2024-09-03 14:33:55.651239,TRADE,5646.0,1
2024-09-03 14:33:57.810371,TRADE,5645.75,2
2024-09-03 14:34:08.558865,TRADE,5646.75,1
2024-09-03 14:34:08.753922,TRADE,5647.5,1
2024-09-03 14:34:14.851163,TRADE,5648.0,1
2024-09-03 14:34:27.071210,TRADE,5646.25,1
2024-09-03 14:34:40.962013,TRADE,5645.0,1
2024-09-03 14:34:40.962058,TRADE,5645.0,1
2024-09-03 14:34:40.962163,TRADE,5645.0,1
2024-09-03 14:34:40.962264,TRADE,5645.0,1
2024-09-03 14:34:40.962432,TRADE,5645.0,1
2024-09-03 14:34:44.849212,TRADE,5645.25,1
2024-09-03 14:35:01.193491,TRADE,5644.75,1
2024-09-03 14:35:02.900135,TRADE,5644.75,1
2024-09-03 14:35:08.693673,TRADE,5644.75,2
2024-09-03 14:35:08.694227,TRADE,5644.5,2
2024-09-03 14:35:10.937893,TRADE,5644.5,1
2024-09-03 14:35:11.915053,TRADE,5644.25,1
2024-09-03 14:35:11.915244,TRADE,5644.25,1
2024-09-03 14:35:12.784089,TRADE,5644.25,2
2024-09-03 14:35:16.066496,TRADE,5644.25,1
2024-09-03 14:35:18.149440,TRADE,5644.0,1
2024-09-03 14:35:30.860298,TRADE,5644.75,3
2024-09-03 14:35:36.328817,TRADE,5644.0,1
2024-09-03 14:35:37.762833,TRADE,5643.75,1
2024-09-03 14:35:52.974675,TRADE,5644.0,1
2024-09-03 14:35:57.195655,TRADE,5643.25,1
2024-09-03 14:35:59.486966,TRADE,5643.25,2
2024-09-03 14:36:01.789060,TRADE,5643.5,1
2024-09-03 14:36:09.825065,TRADE,5643.5,2
2024-09-03 14:36:15.944952,TRADE,5643.25,1
2024-09-03 14:36:17.938686,TRADE,5642.5,5
2024-09-03 14:36:27.546523,TRADE,5643.75,1
2024-09-03 14:37:04.624796,TRADE,5644.25,1
2024-09-03 14:37:11.639553,TRADE,5643.75,1
2024-09-03 14:37:17.864120,TRADE,5643.75,1
2024-09-03 14:37:17.864120,TRADE,5643.5,1
2024-09-03 14:37:37.383548,TRADE,5644.75,2
2024-09-03 14:37:44.654284,TRADE,5646.0,1
2024-09-03 14:37:54.729423,TRADE,5646.25,1
2024-09-03 14:38:39.870509,TRADE,5646.25,1
2024-09-03 14:40:00.228637,TRADE,5644.25,1
2024-09-03 14:40:06.494490,TRADE,5644.75,1
2024-09-03 14:40:12.433549,TRADE,5646.0,1
2024-09-03 14:40:25.460879,TRADE,5645.0,1
2024-09-03 14:40:25.515006,TRADE,5644.5,1
2024-09-03 14:41:01.235638,TRADE,5645.5,1
2024-09-03 14:41:03.946287,TRADE,5645.75,1
2024-09-03 14:41:06.848497,TRADE,5645.25,1
2024-09-03 14:42:02.267068,TRADE,5643.75,1
2024-09-03 14:42:03.074645,TRADE,5643.5,1
2024-09-03 14:42:10.835025,TRADE,5644.5,1
2024-09-03 14:42:47.826338,TRADE,5643.0,1
2024-09-03 14:42:47.826495,TRADE,5643.0,1
2024-09-03 14:42:47.894441,TRADE,5642.75,1
2024-09-03 14:42:53.782375,TRADE,5643.25,1
2024-09-03 14:43:01.663576,TRADE,5644.25,1
2024-09-03 14:43:01.671960,TRADE,5644.0,1
2024-09-03 14:43:01.705720,TRADE,5644.25,1
2024-09-03 14:43:08.865162,TRADE,5645.0,2
2024-09-03 14:43:08.868686,TRADE,5644.75,2
2024-09-03 14:43:25.895185,TRADE,5645.0,1
2024-09-03 14:43:25.898694,TRADE,5644.75,1
2024-09-03 14:43:30.655256,TRADE,5644.75,1
2024-09-03 14:43:37.919827,TRADE,5644.25,1
2024-09-03 14:43:39.067997,TRADE,5644.25,1
2024-09-03 14:43:41.134440,TRADE,5643.75,1
2024-09-03 14:43:43.086113,TRADE,5643.5,2
2024-09-03 14:43:48.133929,TRADE,5643.75,1
2024-09-03 14:44:13.403128,TRADE,5642.5,2
2024-09-03 14:44:15.073210,TRADE,5643.0,1
2024-09-03 14:44:15.489060,TRADE,5643.0,1
2024-09-03 14:44:16.902652,TRADE,5643.5,1
2024-09-03 14:44:20.430068,TRADE,5644.0,1
2024-09-03 14:44:20.505991,TRADE,5644.25,2
2024-09-03 14:44:20.509806,TRADE,5644.25,1
2024-09-03 14:44:20.513133,TRADE,5644.0,1
2024-09-03 14:44:21.298919,TRADE,5644.25,1
2024-09-03 14:44:21.686273,TRADE,5644.25,1
2024-09-03 14:44:24.446130,TRADE,5644.5,2
2024-09-03 14:44:28.041431,TRADE,5643.5,1
2024-09-03 14:44:30.590319,TRADE,5642.75,1
2024-09-03 14:44:33.308959,TRADE,5642.25,2
2024-09-03 14:44:33.309154,TRADE,5642.0,4
2024-09-03 14:44:33.314278,TRADE,5642.0,2
2024-09-03 14:44:33.319517,TRADE,5642.25,1
2024-09-03 14:44:33.320424,TRADE,5642.5,1
2024-09-03 14:44:33.594170,TRADE,5642.25,1
2024-09-03 14:44:52.293782,TRADE,5642.75,1
2024-09-03 14:44:54.893606,TRADE,5642.75,1
2024-09-03 14:44:54.898530,TRADE,5642.75,2
2024-09-03 14:44:56.033759,TRADE,5643.0,1
2024-09-03 14:44:59.953163,TRADE,5642.75,1
2024-09-03 14:45:00.983241,TRADE,5642.5,1
2024-09-03 14:45:12.813796,TRADE,5643.75,1
2024-09-03 14:45:17.074717,TRADE,5642.5,4
2024-09-03 14:45:26.307504,TRADE,5642.0,1
2024-09-03 14:45:29.106635,TRADE,5641.5,1
2024-09-03 14:45:32.210523,TRADE,5640.5,1
2024-09-03 14:45:32.214269,TRADE,5640.0,4
2024-09-03 14:45:32.261911,TRADE,5639.75,1
2024-09-03 14:45:34.251947,TRADE,5640.25,1
2024-09-03 14:45:37.607781,TRADE,5640.75,1
2024-09-03 14:45:37.607781,TRADE,5640.5,2
2024-09-03 14:45:38.239181,TRADE,5641.0,1
2024-09-03 14:46:04.427897,TRADE,5640.5,1
2024-09-03 14:46:06.974052,TRADE,5640.5,4
2024-09-03 14:46:06.974052,TRADE,5640.25,1
2024-09-03 14:46:22.055478,TRADE,5639.0,1
2024-09-03 14:46:23.244571,TRADE,5638.5,1
2024-09-03 14:46:27.932709,TRADE,5637.75,1
2024-09-03 14:46:32.118621,TRADE,5638.5,1
2024-09-03 14:46:34.476825,TRADE,5638.0,1
2024-09-03 14:46:43.972673,TRADE,5637.5,2
2024-09-03 14:46:49.605316,TRADE,5637.5,1
2024-09-03 14:46:49.605316,TRADE,5637.25,3
2024-09-03 14:46:49.605494,TRADE,5637.25,2
2024-09-03 14:46:53.556968,TRADE,5637.5,1
2024-09-03 14:46:53.557031,TRADE,5637.5,1
2024-09-03 14:47:00.415398,TRADE,5637.5,1
2024-09-03 14:47:09.672654,TRADE,5636.75,1
2024-09-03 14:47:10.648081,TRADE,5637.0,1
2024-09-03 14:47:11.508629,TRADE,5637.25,1
2024-09-03 14:47:11.514414,TRADE,5637.0,1
2024-09-03 14:47:34.702211,TRADE,5638.25,1
2024-09-03 14:47:44.594878,TRADE,5639.25,1
2024-09-03 14:47:48.926562,TRADE,5639.25,1
2024-09-03 14:48:10.564446,TRADE,5638.75,1
2024-09-03 14:48:10.564492,TRADE,5638.75,1
2024-09-03 14:48:20.890398,TRADE,5639.0,1
2024-09-03 14:48:33.490275,TRADE,5638.0,1
2024-09-03 14:48:45.943086,TRADE,5636.75,1
2024-09-03 14:48:47.278999,TRADE,5637.25,1
2024-09-03 14:48:51.558131,TRADE,5637.75,1
2024-09-03 14:49:03.083013,TRADE,5637.5,1
2024-09-03 14:49:33.951299,TRADE,5637.25,1
2024-09-03 14:49:37.070596,TRADE,5636.75,1
2024-09-03 14:49:40.982243,TRADE,5637.25,1
2024-09-03 14:49:48.457878,TRADE,5635.75,1
2024-09-03 14:49:48.484488,TRADE,5635.25,2
2024-09-03 14:50:01.736988,TRADE,5635.0,1
2024-09-03 14:50:01.738958,TRADE,5635.0,1
2024-09-03 14:50:26.468775,TRADE,5637.5,1
2024-09-03 14:50:37.271144,TRADE,5637.25,1
2024-09-03 14:50:38.550577,TRADE,5636.25,1
2024-09-03 14:50:41.630132,TRADE,5636.5,1
2024-09-03 14:50:57.472687,TRADE,5636.5,1
2024-09-03 14:51:05.098629,TRADE,5636.75,1
2024-09-03 14:51:29.627585,TRADE,5636.0,1
2024-09-03 14:51:42.847123,TRADE,5636.0,1
2024-09-03 14:52:12.311861,TRADE,5634.75,1
2024-09-03 14:52:13.133345,TRADE,5635.0,1
2024-09-03 14:52:30.685194,TRADE,5634.75,1
2024-09-03 14:52:43.789356,TRADE,5635.0,1
2024-09-03 14:53:05.024343,TRADE,5636.25,1
2024-09-03 14:53:05.024383,TRADE,5636.25,1
2024-09-03 14:53:09.692115,TRADE,5635.75,1
2024-09-03 14:53:15.554061,TRADE,5636.25,1
2024-09-03 14:53:17.746331,TRADE,5637.75,1
2024-09-03 14:53:24.375903,TRADE,5637.25,1
2024-09-03 14:53:34.382101,TRADE,5636.75,1
2024-09-03 14:53:37.179544,TRADE,5636.75,1
2024-09-03 14:54:01.561570,TRADE,5634.0,1
2024-09-03 14:54:09.721896,TRADE,5634.25,1
2024-09-03 14:54:16.396598,TRADE,5633.5,1
2024-09-03 14:54:18.086533,TRADE,5633.75,1
2024-09-03 14:54:26.953364,TRADE,5633.25,1
2024-09-03 14:54:35.698806,TRADE,5634.0,1
2024-09-03 14:54:36.064472,TRADE,5634.0,3
2024-09-03 14:54:48.578011,TRADE,5633.25,1
2024-09-03 14:54:55.656109,TRADE,5633.5,1
2024-09-03 14:55:04.868804,TRADE,5635.5,1
2024-09-03 14:55:15.174154,TRADE,5635.5,1
2024-09-03 14:55:19.999904,TRADE,5636.25,1
2024-09-03 14:55:24.114962,TRADE,5635.25,1
2024-09-03 14:55:31.386876,TRADE,5635.5,1
2024-09-03 14:55:37.561274,TRADE,5636.25,1
2024-09-03 14:55:38.596235,TRADE,5636.25,1
2024-09-03 14:56:01.652600,TRADE,5636.25,1
2024-09-03 14:56:11.927308,TRADE,5635.25,1
2024-09-03 14:56:33.969321,TRADE,5637.25,1
2024-09-03 14:57:04.229645,TRADE,5635.75,1
2024-09-03 14:57:05.219577,TRADE,5635.75,1
2024-09-03 14:57:06.622833,TRADE,5636.0,1
2024-09-03 14:57:26.576992,TRADE,5635.25,1
2024-09-03 14:58:03.125132,TRADE,5636.5,1
2024-09-03 14:58:03.125854,TRADE,5636.25,1
2024-09-03 14:58:04.880392,TRADE,5636.75,1
2024-09-03 14:58:14.558355,TRADE,5637.5,1
2024-09-03 14:58:21.973340,TRADE,5636.75,1
2024-09-03 14:59:37.045569,TRADE,5634.5,1
2024-09-03 14:59:37.045733,TRADE,5634.5,1
2024-09-03 15:00:10.659467,TRADE,5635.75,3
2024-09-03 15:00:10.659467,TRADE,5636.0,4
2024-09-03 15:00:10.659467,TRADE,5636.25,2
2024-09-03 15:00:10.659467,TRADE,5636.5,1
2024-09-03 15:00:12.322165,TRADE,5635.25,1
2024-09-03 15:00:15.770183,TRADE,5634.75,1
2024-09-03 15:00:15.927383,TRADE,5635.25,2
2024-09-03 15:00:19.545993,TRADE,5635.0,1
2024-09-03 15:00:50.312381,TRADE,5634.5,1
2024-09-03 15:01:02.330956,TRADE,5636.75,1
2024-09-03 15:01:03.371372,TRADE,5637.0,1
2024-09-03 15:01:03.374855,TRADE,5637.0,1
2024-09-03 15:01:08.811048,TRADE,5638.25,1
2024-09-03 15:01:11.020444,TRADE,5638.0,1
2024-09-03 15:01:16.127085,TRADE,5639.0,1
2024-09-03 15:01:16.135528,TRADE,5639.0,1
2024-09-03 15:01:18.396953,TRADE,5639.75,1
2024-09-03 15:01:19.162782,TRADE,5640.0,1
2024-09-03 15:01:21.858960,TRADE,5641.0,5
2024-09-03 15:01:21.919795,TRADE,5641.25,1
2024-09-03 15:01:22.954372,TRADE,5641.5,1
2024-09-03 15:01:23.260874,TRADE,5641.25,1
2024-09-03 15:01:30.400664,TRADE,5641.75,1
2024-09-03 15:01:30.400910,TRADE,5641.75,1
2024-09-03 15:01:30.403360,TRADE,5641.5,1
2024-09-03 15:01:40.632118,TRADE,5642.0,1
2024-09-03 15:01:40.642472,TRADE,5642.25,1
2024-09-03 15:01:40.840268,TRADE,5642.5,2
2024-09-03 15:01:42.040540,TRADE,5642.5,1
2024-09-03 15:01:50.043384,TRADE,5642.0,1
2024-09-03 15:01:51.886600,TRADE,5641.75,2
2024-09-03 15:01:54.202152,TRADE,5641.5,1
2024-09-03 15:02:06.387586,TRADE,5640.0,2
2024-09-03 15:02:13.793975,TRADE,5640.5,1
2024-09-03 15:02:26.807058,TRADE,5639.75,2
2024-09-03 15:02:26.807568,TRADE,5639.5,2
2024-09-03 15:02:27.170970,TRADE,5639.75,1
2024-09-03 15:02:33.379919,TRADE,5639.75,1
2024-09-03 15:02:33.432442,TRADE,5639.75,2
2024-09-03 15:02:48.755346,TRADE,5639.5,1
2024-09-03 15:02:53.596259,TRADE,5639.75,1
2024-09-03 15:02:58.122698,TRADE,5640.0,2
2024-09-03 15:03:07.486002,TRADE,5640.0,1
2024-09-03 15:03:21.061354,TRADE,5640.0,1
2024-09-03 15:03:31.305368,TRADE,5642.0,1
2024-09-03 15:03:31.306478,TRADE,5642.25,1
2024-09-03 15:03:36.015087,TRADE,5643.25,1
2024-09-03 15:03:36.043621,TRADE,5643.25,3
2024-09-03 15:03:42.062851,TRADE,5643.25,1
2024-09-03 15:03:42.460914,TRADE,5643.25,1
2024-09-03 15:03:43.131808,TRADE,5643.5,5
2024-09-03 15:04:00.051284,TRADE,5641.25,1
2024-09-03 15:04:05.540381,TRADE,5641.5,1
2024-09-03 15:04:08.270844,TRADE,5642.0,1
2024-09-03 15:04:09.561917,TRADE,5642.25,2
2024-09-03 15:04:09.561917,TRADE,5642.0,4
2024-09-03 15:04:09.561917,TRADE,5641.75,2
2024-09-03 15:04:12.895427,TRADE,5642.75,1
2024-09-03 15:04:20.118127,TRADE,5643.0,1
2024-09-03 15:04:22.056853,TRADE,5643.5,1
2024-09-03 15:04:28.219157,TRADE,5643.25,1
2024-09-03 15:04:28.226884,TRADE,5643.0,1
2024-09-03 15:04:30.081672,TRADE,5643.25,1
2024-09-03 15:04:32.321278,TRADE,5642.75,1
2024-09-03 15:04:33.554837,TRADE,5642.75,1
2024-09-03 15:04:35.444010,TRADE,5643.25,1
2024-09-03 15:04:52.370693,TRADE,5643.25,1
2024-09-03 15:05:00.049024,TRADE,5643.0,1
2024-09-03 15:05:32.249007,TRADE,5642.0,1
2024-09-03 15:05:32.318614,TRADE,5642.0,1
2024-09-03 15:05:51.258259,TRADE,5641.0,2
2024-09-03 15:05:51.261639,TRADE,5641.0,1
2024-09-03 15:05:51.272076,TRADE,5641.0,1
2024-09-03 15:05:51.272530,TRADE,5641.0,1
2024-09-03 15:05:58.290624,TRADE,5641.0,3
2024-09-03 15:05:58.290624,TRADE,5640.75,1
2024-09-03 15:06:21.383584,TRADE,5641.5,1
2024-09-03 15:06:49.333273,TRADE,5644.75,1
2024-09-03 15:06:54.764772,TRADE,5645.25,1
2024-09-03 15:06:54.899643,TRADE,5645.0,1
2024-09-03 15:06:59.570435,TRADE,5645.25,1
2024-09-03 15:06:59.570435,TRADE,5645.0,1
2024-09-03 15:07:05.313695,TRADE,5646.75,1
2024-09-03 15:07:05.313708,TRADE,5647.0,2
2024-09-03 15:07:06.416212,TRADE,5647.0,1
2024-09-03 15:07:11.112389,TRADE,5646.75,3
2024-09-03 15:07:11.112389,TRADE,5646.5,4
2024-09-03 15:07:11.112528,TRADE,5646.5,11
2024-09-03 15:07:11.112583,TRADE,5646.5,3
2024-09-03 15:07:15.651226,TRADE,5647.0,1
2024-09-03 15:07:22.651790,TRADE,5647.0,1
2024-09-03 15:07:25.990754,TRADE,5647.5,4
2024-09-03 15:07:25.990754,TRADE,5647.75,2
2024-09-03 15:07:25.990754,TRADE,5648.0,2
2024-09-03 15:07:28.737287,TRADE,5647.5,2
2024-09-03 15:07:29.117609,TRADE,5647.0,1
2024-09-03 15:07:33.379908,TRADE,5647.75,1
2024-09-03 15:07:33.379908,TRADE,5648.0,4
2024-09-03 15:07:35.792278,TRADE,5647.25,1
2024-09-03 15:07:53.774265,TRADE,5646.5,3
2024-09-03 15:08:02.002207,TRADE,5647.5,1
2024-09-03 15:08:12.186170,TRADE,5648.25,1
2024-09-03 15:08:20.147635,TRADE,5648.0,1
2024-09-03 15:08:22.768943,TRADE,5648.25,1
2024-09-03 15:08:25.722555,TRADE,5649.25,1
2024-09-03 15:08:27.032704,TRADE,5649.25,1
2024-09-03 15:08:52.769384,TRADE,5647.5,1
2024-09-03 15:08:55.941078,TRADE,5646.75,1
2024-09-03 15:08:57.180000,TRADE,5646.25,2
2024-09-03 15:09:33.099822,TRADE,5644.25,1
2024-09-03 15:09:35.532901,TRADE,5645.0,2
2024-09-03 15:09:35.532901,TRADE,5645.25,2
2024-09-03 15:09:36.238710,TRADE,5644.25,1
2024-09-03 15:09:40.647913,TRADE,5645.25,1
2024-09-03 15:09:43.661994,TRADE,5645.0,1
2024-09-03 15:09:53.110612,TRADE,5644.75,1
2024-09-03 15:09:53.110890,TRADE,5644.75,1
2024-09-03 15:09:53.111042,TRADE,5644.75,1
2024-09-03 15:09:53.111094,TRADE,5644.75,1
2024-09-03 15:09:53.114737,TRADE,5644.75,1
2024-09-03 15:09:56.558303,TRADE,5644.0,1
2024-09-03 15:10:34.334402,TRADE,5644.0,1
2024-09-03 15:10:36.100286,TRADE,5644.25,1
2024-09-03 15:10:59.951785,TRADE,5644.0,1
2024-09-03 15:11:00.076592,TRADE,5644.0,1
2024-09-03 15:11:17.198843,TRADE,5644.75,1
2024-09-03 15:11:28.057981,TRADE,5644.75,1
2024-09-03 15:12:00.078160,TRADE,5644.5,1
2024-09-03 15:12:03.500645,TRADE,5644.5,1
2024-09-03 15:12:16.118945,TRADE,5645.75,1
2024-09-03 15:12:30.374725,TRADE,5648.25,1
2024-09-03 15:12:45.972962,TRADE,5648.0,3
2024-09-03 15:13:12.463303,TRADE,5648.5,1
2024-09-03 15:13:23.650730,TRADE,5648.0,1
2024-09-03 15:14:00.933461,TRADE,5646.75,2
2024-09-03 15:14:07.707408,TRADE,5646.5,1
2024-09-03 15:14:08.403837,TRADE,5646.0,1
2024-09-03 15:14:08.404390,TRADE,5645.75,2
2024-09-03 15:14:42.172643,TRADE,5645.5,1
2024-09-03 15:15:00.276554,TRADE,5645.5,1
2024-09-03 15:15:12.375957,TRADE,5647.0,2
2024-09-03 15:15:15.872919,TRADE,5647.5,1
2024-09-03 15:15:15.872965,TRADE,5647.5,1
2024-09-03 15:15:16.448803,TRADE,5647.5,1
2024-09-03 15:15:21.122056,TRADE,5648.0,1
2024-09-03 15:15:21.653822,TRADE,5648.0,1
2024-09-03 15:15:25.695619,TRADE,5648.75,1
2024-09-03 15:15:27.483630,TRADE,5649.25,1
2024-09-03 15:15:30.577943,TRADE,5648.25,1
2024-09-03 15:15:55.490326,TRADE,5647.0,1
2024-09-03 15:15:55.492448,TRADE,5647.0,1
2024-09-03 15:16:03.180602,TRADE,5646.5,1
2024-09-03 15:16:26.530193,TRADE,5645.75,1
2024-09-03 15:16:30.511092,TRADE,5645.0,1
2024-09-03 15:16:36.463808,TRADE,5645.5,1
2024-09-03 15:17:05.065722,TRADE,5645.0,1
2024-09-03 15:17:14.204903,TRADE,5645.25,2
2024-09-03 15:17:16.174500,TRADE,5644.5,1
2024-09-03 15:18:00.265891,TRADE,5642.75,1
2024-09-03 15:18:05.615130,TRADE,5643.25,1
2024-09-03 15:18:08.459269,TRADE,5643.0,1
2024-09-03 15:18:14.193654,TRADE,5643.5,1
2024-09-03 15:18:40.522101,TRADE,5643.5,2
2024-09-03 15:18:52.037285,TRADE,5642.25,1
2024-09-03 15:18:56.320426,TRADE,5641.75,1
2024-09-03 15:18:56.320442,TRADE,5641.5,1
2024-09-03 15:19:10.149400,TRADE,5642.0,3
2024-09-03 15:19:16.661302,TRADE,5642.25,1
2024-09-03 15:19:27.609044,TRADE,5642.75,1
2024-09-03 15:19:27.609216,TRADE,5642.75,1
2024-09-03 15:19:27.609248,TRADE,5642.75,1
2024-09-03 15:19:27.609304,TRADE,5642.75,9
2024-09-03 15:19:30.897515,TRADE,5643.0,1
2024-09-03 15:19:42.610447,TRADE,5642.75,1
2024-09-03 15:19:51.212957,TRADE,5643.75,1
2024-09-03 15:20:01.405000,TRADE,5644.0,1
2024-09-03 15:20:01.405213,TRADE,5644.0,5
2024-09-03 15:20:01.808004,TRADE,5644.25,1
2024-09-03 15:20:01.808179,TRADE,5644.25,1
2024-09-03 15:21:27.035357,TRADE,5644.5,1
2024-09-03 15:21:42.300020,TRADE,5645.0,1
2024-09-03 15:21:56.515436,TRADE,5645.0,1
2024-09-03 15:22:05.197682,TRADE,5644.25,1
2024-09-03 15:22:13.007705,TRADE,5643.5,1
2024-09-03 15:22:13.515550,TRADE,5643.75,3
2024-09-03 15:22:13.515550,TRADE,5644.0,4
2024-09-03 15:22:13.515550,TRADE,5644.25,2
2024-09-03 15:22:13.515550,TRADE,5644.5,16
2024-09-03 15:22:13.515550,TRADE,5644.75,2
2024-09-03 15:22:13.515550,TRADE,5645.0,5
2024-09-03 15:22:13.515550,TRADE,5645.25,2
2024-09-03 15:22:13.515550,TRADE,5645.5,2
2024-09-03 15:22:16.340476,TRADE,5643.75,1
2024-09-03 15:22:22.896295,TRADE,5644.5,1
2024-09-03 15:22:32.502743,TRADE,5644.0,1
2024-09-03 15:22:39.644671,TRADE,5643.75,1
2024-09-03 15:22:42.419016,TRADE,5644.25,1
2024-09-03 15:22:44.402618,TRADE,5643.75,1
2024-09-03 15:22:59.409910,TRADE,5644.75,1
2024-09-03 15:22:59.901621,TRADE,5644.5,1
2024-09-03 15:23:00.019419,TRADE,5644.5,1
2024-09-03 15:23:11.171807,TRADE,5644.0,1
2024-09-03 15:23:14.046360,TRADE,5643.5,1
2024-09-03 15:23:14.052025,TRADE,5643.25,1
2024-09-03 15:23:43.761390,TRADE,5642.75,1
2024-09-03 15:23:59.902147,TRADE,5642.75,1
2024-09-03 15:24:02.168894,TRADE,5642.0,1
2024-09-03 15:24:05.558059,TRADE,5642.25,2
2024-09-03 15:24:06.713602,TRADE,5642.0,1
2024-09-03 15:24:10.453450,TRADE,5642.0,1
2024-09-03 15:24:42.097089,TRADE,5643.5,1
2024-09-03 15:25:13.725098,TRADE,5642.25,1
2024-09-03 15:25:22.030839,TRADE,5643.25,1
2024-09-03 15:25:50.895312,TRADE,5644.0,1
2024-09-03 15:26:25.297566,TRADE,5644.75,1
2024-09-03 15:26:26.734651,TRADE,5645.0,1
2024-09-03 15:26:29.400498,TRADE,5645.0,1
2024-09-03 15:26:40.510805,TRADE,5647.25,1
2024-09-03 15:27:00.616275,TRADE,5647.5,2
2024-09-03 15:27:18.858425,TRADE,5647.5,1
2024-09-03 15:27:27.162069,TRADE,5647.0,1
2024-09-03 15:27:36.913015,TRADE,5647.0,1
2024-09-03 15:28:08.505546,TRADE,5647.5,1
2024-09-03 15:29:04.633465,TRADE,5646.75,1
2024-09-03 15:29:11.609195,TRADE,5647.0,1
2024-09-03 15:29:40.570345,TRADE,5646.0,1
2024-09-03 15:30:00.125594,TRADE,5645.5,1
2024-09-03 15:30:00.287678,TRADE,5646.0,1
2024-09-03 15:30:00.287712,TRADE,5646.0,1
2024-09-03 15:30:07.501800,TRADE,5646.75,1
2024-09-03 15:30:10.078713,TRADE,5646.5,3
2024-09-03 15:30:11.106314,TRADE,5646.25,1
2024-09-03 15:30:45.612683,TRADE,5647.5,2
2024-09-03 15:31:15.328710,TRADE,5645.5,1
2024-09-03 15:31:20.272872,TRADE,5644.75,1
2024-09-03 15:31:29.483833,TRADE,5643.75,1
2024-09-03 15:31:29.844619,TRADE,5643.5,1
2024-09-03 15:31:33.515618,TRADE,5644.0,1
2024-09-03 15:31:38.237579,TRADE,5644.0,1
2024-09-03 15:31:59.903036,TRADE,5643.75,1
2024-09-03 15:31:59.903101,TRADE,5643.75,1
2024-09-03 15:32:11.005274,TRADE,5643.5,1
2024-09-03 15:32:20.981689,TRADE,5643.75,1
2024-09-03 15:32:25.735687,TRADE,5643.5,1
2024-09-03 15:32:54.680965,TRADE,5642.25,1
2024-09-03 15:32:55.307091,TRADE,5642.75,1
2024-09-03 15:33:17.106464,TRADE,5643.0,1
2024-09-03 15:33:19.415656,TRADE,5643.0,4
2024-09-03 15:33:19.415773,TRADE,5643.0,4
2024-09-03 15:33:19.415802,TRADE,5643.0,1
2024-09-03 15:33:19.415870,TRADE,5643.0,4
2024-09-03 15:33:19.415899,TRADE,5643.0,1
2024-09-03 15:33:19.415965,TRADE,5643.0,2
2024-09-03 15:33:19.416008,TRADE,5643.0,2
2024-09-03 15:33:19.416186,TRADE,5643.0,4
2024-09-03 15:33:19.416304,TRADE,5643.0,1
2024-09-03 15:33:19.416682,TRADE,5643.0,2
2024-09-03 15:33:19.416862,TRADE,5643.0,1
2024-09-03 15:33:19.417314,TRADE,5643.0,2
2024-09-03 15:33:19.446323,TRADE,5643.25,1
2024-09-03 15:33:19.622704,TRADE,5643.5,1
2024-09-03 15:33:53.092661,TRADE,5645.0,1
2024-09-03 15:33:53.092842,TRADE,5645.0,1
2024-09-03 15:33:53.100768,TRADE,5645.0,2
2024-09-03 15:33:59.902961,TRADE,5645.5,1
2024-09-03 15:34:16.856071,TRADE,5645.25,1
2024-09-03 15:34:35.233878,TRADE,5646.25,1
2024-09-03 15:34:48.894913,TRADE,5646.25,1
2024-09-03 15:35:04.416241,TRADE,5646.75,1
2024-09-03 15:35:51.158481,TRADE,5648.75,1
2024-09-03 15:35:51.516900,TRADE,5650.0,1
2024-09-03 15:35:51.517343,TRADE,5650.25,3
2024-09-03 15:36:07.374673,TRADE,5649.75,1
2024-09-03 15:36:15.101314,TRADE,5649.75,1
2024-09-03 15:36:21.558267,TRADE,5650.25,1
2024-09-03 15:36:48.149450,TRADE,5649.75,1
2024-09-03 15:37:15.723699,TRADE,5650.0,2
2024-09-03 15:37:49.536238,TRADE,5649.0,1
2024-09-03 15:37:49.539518,TRADE,5649.0,1
2024-09-03 15:37:49.539698,TRADE,5649.0,1
2024-09-03 15:38:48.391580,TRADE,5647.0,1
2024-09-03 15:38:48.391629,TRADE,5647.0,1
2024-09-03 15:38:48.391700,TRADE,5647.0,1
2024-09-03 15:38:48.391914,TRADE,5647.0,1
2024-09-03 15:38:48.396849,TRADE,5647.0,1
2024-09-03 15:39:04.353347,TRADE,5647.5,1
2024-09-03 15:39:16.448200,TRADE,5647.25,1
2024-09-03 15:40:02.809177,TRADE,5646.25,1
2024-09-03 15:40:06.144153,TRADE,5646.25,1
2024-09-03 15:40:07.857331,TRADE,5646.5,1
2024-09-03 15:40:21.063347,TRADE,5645.5,1
2024-09-03 15:40:22.742577,TRADE,5645.5,1
2024-09-03 15:40:23.681399,TRADE,5645.75,1
2024-09-03 15:40:24.786858,TRADE,5645.0,1
2024-09-03 15:40:34.879037,TRADE,5643.5,1
2024-09-03 15:41:02.229166,TRADE,5644.0,1
2024-09-03 15:41:10.273826,TRADE,5643.75,2
2024-09-03 15:41:13.762502,TRADE,5643.25,1
2024-09-03 15:41:17.338742,TRADE,5642.25,1
2024-09-03 15:41:17.338754,TRADE,5641.75,1
2024-09-03 15:41:18.008880,TRADE,5642.75,1
2024-09-03 15:41:55.640769,TRADE,5642.5,1
2024-09-03 15:41:59.487030,TRADE,5642.25,1
2024-09-03 15:42:08.463561,TRADE,5641.0,2
2024-09-03 15:42:08.463938,TRADE,5640.75,1
2024-09-03 15:42:29.607868,TRADE,5641.25,1
2024-09-03 15:42:31.855600,TRADE,5642.25,2
2024-09-03 15:43:05.886234,TRADE,5642.0,1
2024-09-03 15:43:15.228871,TRADE,5640.5,1
2024-09-03 15:43:15.256549,TRADE,5639.75,1
2024-09-03 15:43:21.394552,TRADE,5639.75,1
2024-09-03 15:43:26.197712,TRADE,5640.75,1
2024-09-03 15:43:29.018134,TRADE,5640.25,1
2024-09-03 15:43:49.190062,TRADE,5640.75,1
2024-09-03 15:43:50.013722,TRADE,5640.75,1
2024-09-03 15:43:55.858512,TRADE,5641.25,1
2024-09-03 15:44:00.776955,TRADE,5641.0,1
2024-09-03 15:44:23.988055,TRADE,5640.5,1
2024-09-03 15:44:26.139930,TRADE,5640.0,1
2024-09-03 15:44:41.311782,TRADE,5639.5,1
2024-09-03 15:44:54.537529,TRADE,5640.75,4
2024-09-03 15:44:54.537529,TRADE,5641.0,1
2024-09-03 15:45:01.949291,TRADE,5640.75,3
2024-09-03 15:45:01.949291,TRADE,5640.5,3
2024-09-03 15:45:01.949291,TRADE,5640.25,2
2024-09-03 15:45:01.949291,TRADE,5640.0,14
2024-09-03 15:45:01.949291,TRADE,5639.75,2
2024-09-03 15:45:01.949291,TRADE,5639.5,1
2024-09-03 15:45:02.431439,TRADE,5641.25,1
2024-09-03 15:45:03.170556,TRADE,5641.75,1
2024-09-03 15:45:19.624261,TRADE,5642.75,1
2024-09-03 15:45:27.107975,TRADE,5643.0,1
2024-09-03 15:45:34.858255,TRADE,5643.5,1
2024-09-03 15:45:55.551702,TRADE,5644.25,1
2024-09-03 15:46:00.511879,TRADE,5644.5,2
2024-09-03 15:47:09.559844,TRADE,5641.0,1
2024-09-03 15:47:44.179073,TRADE,5641.25,1
2024-09-03 15:48:26.319275,TRADE,5641.25,1
2024-09-03 15:48:30.155841,TRADE,5641.5,1
2024-09-03 15:48:36.266613,TRADE,5642.25,4
2024-09-03 15:49:00.966667,TRADE,5640.5,1
2024-09-03 15:49:05.694135,TRADE,5640.5,1
2024-09-03 15:49:05.694324,TRADE,5640.5,1
2024-09-03 15:49:05.700079,TRADE,5640.5,1
2024-09-03 15:49:08.900758,TRADE,5641.25,1
2024-09-03 15:49:55.451792,TRADE,5641.25,1
2024-09-03 15:50:37.692314,TRADE,5639.75,1
2024-09-03 15:50:37.717262,TRADE,5640.25,1
2024-09-03 15:50:55.189443,TRADE,5640.75,1
2024-09-03 15:52:05.497086,TRADE,5640.25,1
2024-09-03 15:52:45.174063,TRADE,5639.5,1
2024-09-03 15:52:49.193308,TRADE,5639.75,1
2024-09-03 15:53:03.776087,TRADE,5639.5,1
2024-09-03 15:53:05.803216,TRADE,5639.5,4
2024-09-03 15:53:05.803216,TRADE,5639.25,1
2024-09-03 15:53:17.870914,TRADE,5639.75,2
2024-09-03 15:53:17.872556,TRADE,5639.75,1
2024-09-03 15:53:34.422077,TRADE,5640.0,1
2024-09-03 15:53:34.508320,TRADE,5640.25,2
2024-09-03 15:54:07.606823,TRADE,5640.0,1
2024-09-03 15:54:12.370008,TRADE,5640.0,1
2024-09-03 15:54:21.342252,TRADE,5641.5,1
2024-09-03 15:54:21.872929,TRADE,5641.5,2
2024-09-03 15:54:21.887050,TRADE,5641.5,2
2024-09-03 15:55:12.850111,TRADE,5643.0,1
2024-09-03 15:55:31.656098,TRADE,5641.0,1
2024-09-03 15:55:55.380036,TRADE,5641.25,1
2024-09-03 15:56:36.784380,TRADE,5639.25,1
2024-09-03 15:56:50.985282,TRADE,5638.25,1
2024-09-03 15:56:51.738868,TRADE,5638.0,1
2024-09-03 15:56:51.738931,TRADE,5638.0,1
2024-09-03 15:56:56.365942,TRADE,5637.5,2
2024-09-03 15:56:56.366365,TRADE,5637.5,2
2024-09-03 15:56:56.746798,TRADE,5637.75,1
2024-09-03 15:57:10.160317,TRADE,5638.25,1
2024-09-03 15:57:52.276372,TRADE,5638.25,1
2024-09-03 15:58:35.511120,TRADE,5638.5,1
2024-09-03 15:58:56.889237,TRADE,5638.5,1
2024-09-03 15:59:19.353434,TRADE,5638.5,1
2024-09-03 15:59:21.427454,TRADE,5638.25,1
2024-09-03 15:59:22.316312,TRADE,5637.75,1
2024-09-03 15:59:43.593486,TRADE,5638.0,1
2024-09-03 16:00:09.378629,TRADE,5638.5,1
2024-09-03 16:00:25.815684,TRADE,5640.5,1
2024-09-03 16:00:31.810199,TRADE,5640.75,1
2024-09-03 16:00:31.810646,TRADE,5641.0,2
2024-09-03 16:00:42.574698,TRADE,5641.5,1
2024-09-03 16:00:47.117338,TRADE,5641.0,1
2024-09-03 16:00:47.352569,TRADE,5640.75,1
2024-09-03 16:00:49.803995,TRADE,5640.75,1
2024-09-03 16:00:56.728256,TRADE,5640.75,1
2024-09-03 16:01:04.437657,TRADE,5640.75,1
2024-09-03 16:01:08.043882,TRADE,5642.0,1
2024-09-03 16:01:11.761452,TRADE,5641.25,1
2024-09-03 16:01:17.681829,TRADE,5641.0,1
2024-09-03 16:01:17.683438,TRADE,5641.0,1
2024-09-03 16:01:25.129740,TRADE,5641.0,1
2024-09-03 16:01:33.193741,TRADE,5640.75,1
2024-09-03 16:01:40.218384,TRADE,5640.25,1
2024-09-03 16:01:48.841270,TRADE,5640.5,3
2024-09-03 16:01:48.841270,TRADE,5640.75,2
2024-09-03 16:01:48.841270,TRADE,5641.0,4
2024-09-03 16:01:48.841270,TRADE,5641.25,1
2024-09-03 16:01:49.615065,TRADE,5640.0,1
2024-09-03 16:02:06.275784,TRADE,5641.5,1
2024-09-03 16:02:30.023484,TRADE,5642.75,1
2024-09-03 16:02:34.009638,TRADE,5642.25,1
2024-09-03 16:02:37.013244,TRADE,5641.75,1
2024-09-03 16:02:38.816023,TRADE,5642.5,1
2024-09-03 16:02:50.945128,TRADE,5641.75,1
2024-09-03 16:02:56.746240,TRADE,5641.75,2
2024-09-03 16:03:05.200917,TRADE,5641.25,1
2024-09-03 16:03:09.826919,TRADE,5641.0,1
2024-09-03 16:03:22.672919,TRADE,5641.0,1
2024-09-03 16:03:36.987509,TRADE,5641.5,1
2024-09-03 16:03:52.735979,TRADE,5641.75,1
2024-09-03 16:04:00.963211,TRADE,5641.75,1
2024-09-03 16:04:09.795823,TRADE,5642.75,1
2024-09-03 16:04:16.598543,TRADE,5642.75,1
2024-09-03 16:05:06.546783,TRADE,5642.25,1
2024-09-03 16:05:08.115262,TRADE,5642.0,1
2024-09-03 16:05:08.575123,TRADE,5642.25,1
2024-09-03 16:05:20.052708,TRADE,5642.5,1
2024-09-03 16:05:36.022677,TRADE,5643.5,1
2024-09-03 16:05:38.692467,TRADE,5643.5,1
2024-09-03 16:05:41.304071,TRADE,5643.75,1
2024-09-03 16:06:09.628633,TRADE,5642.75,2
2024-09-03 16:06:09.663736,TRADE,5642.75,1
2024-09-03 16:06:09.663877,TRADE,5642.75,1
2024-09-03 16:06:09.665637,TRADE,5642.75,3
2024-09-03 16:06:09.665838,TRADE,5642.75,12
2024-09-03 16:06:39.247758,TRADE,5641.5,1
2024-09-03 16:07:04.148775,TRADE,5639.25,1
2024-09-03 16:07:04.149124,TRADE,5639.0,2
2024-09-03 16:07:10.457960,TRADE,5638.75,1
2024-09-03 16:07:14.098685,TRADE,5639.5,1
2024-09-03 16:07:19.471392,TRADE,5639.0,1
2024-09-03 16:07:26.089652,TRADE,5638.75,1
2024-09-03 16:07:35.353232,TRADE,5638.25,1
2024-09-03 16:07:49.532441,TRADE,5638.5,1
2024-09-03 16:08:01.935764,TRADE,5638.25,1
2024-09-03 16:08:16.366559,TRADE,5637.0,1
2024-09-03 16:08:16.366571,TRADE,5636.75,1
2024-09-03 16:08:24.016046,TRADE,5637.5,1
2024-09-03 16:08:46.660325,TRADE,5637.0,1
2024-09-03 16:08:52.405830,TRADE,5636.5,1
2024-09-03 16:09:10.052364,TRADE,5637.25,3
2024-09-03 16:09:10.053800,TRADE,5637.25,3
2024-09-03 16:09:10.055414,TRADE,5637.25,3
2024-09-03 16:09:10.056662,TRADE,5637.25,3
2024-09-03 16:09:10.057884,TRADE,5637.25,1
2024-09-03 16:09:10.059341,TRADE,5637.25,3
2024-09-03 16:09:10.099009,TRADE,5637.25,2
2024-09-03 16:09:10.353488,TRADE,5637.25,2
2024-09-03 16:09:10.608584,TRADE,5637.25,1
2024-09-03 16:09:10.608842,TRADE,5637.25,2
2024-09-03 16:09:10.610117,TRADE,5637.25,1
2024-09-03 16:09:10.610367,TRADE,5637.25,1
2024-09-03 16:09:10.610400,TRADE,5637.25,2
2024-09-03 16:09:10.611893,TRADE,5637.25,2
2024-09-03 16:09:10.611939,TRADE,5637.25,2
2024-09-03 16:09:10.613218,TRADE,5637.25,4
2024-09-03 16:09:10.614338,TRADE,5637.25,1
2024-09-03 16:09:10.614366,TRADE,5637.25,1
2024-09-03 16:09:10.617154,TRADE,5637.25,2
2024-09-03 16:09:10.631379,TRADE,5637.25,2
2024-09-03 16:09:12.221478,TRADE,5638.0,1
2024-09-03 16:09:29.391369,TRADE,5636.75,1
2024-09-03 16:10:30.918454,TRADE,5637.0,1
2024-09-03 16:10:32.033322,TRADE,5637.25,1
2024-09-03 16:11:34.381941,TRADE,5638.0,5
2024-09-03 16:11:42.786312,TRADE,5638.75,1
2024-09-03 16:12:17.450243,TRADE,5635.25,1
2024-09-03 16:12:19.724290,TRADE,5635.25,2
2024-09-03 16:12:19.724290,TRADE,5635.0,8
2024-09-03 16:12:19.726622,TRADE,5634.75,1
2024-09-03 16:12:19.769415,TRADE,5634.25,1
2024-09-03 16:12:19.769427,TRADE,5634.0,2
2024-09-03 16:12:19.769427,TRADE,5633.75,2
2024-09-03 16:12:19.769427,TRADE,5633.5,3
2024-09-03 16:12:19.769427,TRADE,5633.25,3
2024-09-03 16:12:20.493782,TRADE,5634.75,1
2024-09-03 16:12:20.648047,TRADE,5635.0,1
2024-09-03 16:12:20.756818,TRADE,5635.25,1
2024-09-03 16:12:21.180507,TRADE,5635.5,1
2024-09-03 16:12:21.863888,TRADE,5635.75,1
2024-09-03 16:12:22.479156,TRADE,5636.0,1
2024-09-03 16:12:22.479837,TRADE,5636.0,1
2024-09-03 16:13:16.705906,TRADE,5637.5,1
2024-09-03 16:13:56.879317,TRADE,5638.0,1
2024-09-03 16:14:02.799159,TRADE,5638.0,1
2024-09-03 16:14:21.449489,TRADE,5639.25,1
2024-09-03 16:14:39.835282,TRADE,5640.25,1
2024-09-03 16:14:55.541370,TRADE,5640.75,1
2024-09-03 16:14:58.022729,TRADE,5641.75,1
2024-09-03 16:15:07.329879,TRADE,5641.0,1
2024-09-03 16:15:07.508081,TRADE,5640.5,1
2024-09-03 16:15:13.854976,TRADE,5640.5,1
2024-09-03 16:16:03.481665,TRADE,5641.5,1
2024-09-03 16:16:05.124045,TRADE,5641.75,1
2024-09-03 16:16:21.465783,TRADE,5643.25,2
2024-09-03 16:16:55.733691,TRADE,5644.0,1
2024-09-03 16:17:02.017736,TRADE,5645.0,1
2024-09-03 16:17:10.763445,TRADE,5645.25,2
2024-09-03 16:17:10.763825,TRADE,5645.5,4
2024-09-03 16:17:10.763825,TRADE,5645.75,2
2024-09-03 16:17:10.763825,TRADE,5646.0,4
2024-09-03 16:17:10.763978,TRADE,5646.25,3
2024-09-03 16:17:10.764081,TRADE,5646.5,2
2024-09-03 16:17:10.766899,TRADE,5646.75,1
2024-09-03 16:17:10.766899,TRADE,5647.0,2
2024-09-03 16:17:10.776047,TRADE,5646.5,1
2024-09-03 16:17:10.834821,TRADE,5646.25,1
2024-09-03 16:17:15.087984,TRADE,5646.0,1
2024-09-03 16:17:16.152710,TRADE,5645.75,1
2024-09-03 16:17:17.202730,TRADE,5645.5,1
2024-09-03 16:17:18.141405,TRADE,5645.5,1
2024-09-03 16:17:30.313516,TRADE,5645.75,1
2024-09-03 16:17:30.998944,TRADE,5645.75,1
2024-09-03 16:17:33.172769,TRADE,5646.0,1
2024-09-03 16:17:37.425094,TRADE,5645.75,1
2024-09-03 16:17:43.829626,TRADE,5645.75,1
2024-09-03 16:17:43.830157,TRADE,5645.5,3
2024-09-03 16:17:53.367340,TRADE,5645.25,2
2024-09-03 16:18:02.555245,TRADE,5645.5,1
2024-09-03 16:18:08.447458,TRADE,5645.25,1
2024-09-03 16:18:11.229018,TRADE,5644.75,1
2024-09-03 16:18:12.727718,TRADE,5645.0,2
2024-09-03 16:18:12.905021,TRADE,5644.75,1
2024-09-03 16:18:19.534823,TRADE,5644.75,1
2024-09-03 16:18:21.079240,TRADE,5644.0,1
2024-09-03 16:18:26.621274,TRADE,5643.75,1
2024-09-03 16:18:32.464866,TRADE,5643.75,5
2024-09-03 16:18:56.554306,TRADE,5644.0,2
