time,type,price,size
2024-12-01 23:00:00.030894,TRADE,6051.5,94
2024-12-01 23:00:00.042700,TRADE,6052.0,1
2024-12-01 23:00:00.042700,TRADE,6052.25,4
2024-12-01 23:00:00.042722,TRADE,6052.25,2
2024-12-01 23:00:00.042755,TRADE,6052.5,4
2024-12-01 23:00:00.042915,TRADE,6052.5,1
2024-12-01 23:00:00.053594,TRADE,6051.5,2
2024-12-01 23:00:00.053919,TRADE,6051.5,1
2024-12-01 23:00:00.055043,TRADE,6051.5,2
2024-12-01 23:00:00.056346,TRADE,6051.5,1
2024-12-01 23:00:00.056346,TRADE,6051.25,1
2024-12-01 23:00:00.057749,TRADE,6052.25,1
2024-12-01 23:00:00.060896,TRADE,6051.75,1
2024-12-01 23:00:00.062768,TRADE,6051.75,4
2024-12-01 23:00:00.063476,TRADE,6051.5,3
2024-12-01 23:00:00.064008,TRADE,6051.25,1
2024-12-01 23:00:00.064715,TRADE,6052.0,1
2024-12-01 23:00:00.065787,TRADE,6051.75,1
2024-12-01 23:00:00.066824,TRADE,6051.75,1
2024-12-01 23:00:00.069811,TRADE,6051.75,1
2024-12-01 23:00:00.088311,TRADE,6052.0,2
2024-12-01 23:00:00.089511,TRADE,6052.25,2
2024-12-01 23:00:00.103557,TRADE,6051.5,1
2024-12-01 23:00:00.106233,TRADE,6052.0,1
2024-12-01 23:00:00.107090,TRADE,6052.0,1
2024-12-01 23:00:00.107662,TRADE,6052.25,1
2024-12-01 23:00:00.123385,TRADE,6052.25,2
2024-12-01 23:00:00.135450,TRADE,6052.0,1
2024-12-01 23:00:00.148927,TRADE,6052.25,1
2024-12-01 23:00:00.150667,TRADE,6051.5,6
2024-12-01 23:00:00.151817,TRADE,6052.25,2
2024-12-01 23:00:00.151817,TRADE,6052.5,1
2024-12-01 23:00:00.160677,TRADE,6052.0,1
2024-12-01 23:00:00.179340,TRADE,6052.25,1
2024-12-01 23:00:00.187617,TRADE,6052.0,1
2024-12-01 23:00:00.188173,TRADE,6052.0,1
2024-12-01 23:00:00.188785,TRADE,6052.0,1
2024-12-01 23:00:00.189306,TRADE,6052.0,1
2024-12-01 23:00:00.191187,TRADE,6052.5,5
2024-12-01 23:00:00.191187,TRADE,6052.75,1
2024-12-01 23:00:00.191227,TRADE,6052.75,1
2024-12-01 23:00:00.204767,TRADE,6052.5,1
2024-12-01 23:00:00.205389,TRADE,6052.75,2
2024-12-01 23:00:00.206225,TRADE,6052.75,3
2024-12-01 23:00:00.221972,TRADE,6052.75,2
2024-12-01 23:00:00.223736,TRADE,6053.0,8
2024-12-01 23:00:00.225598,TRADE,6053.25,5
2024-12-01 23:00:00.226515,TRADE,6053.25,2
2024-12-01 23:00:00.237223,TRADE,6053.5,4
2024-12-01 23:00:00.238224,TRADE,6053.5,1
2024-12-01 23:00:00.238862,TRADE,6053.5,1
2024-12-01 23:00:00.304324,TRADE,6053.75,1
2024-12-01 23:00:00.304334,TRADE,6053.75,1
2024-12-01 23:00:00.388296,TRADE,6053.5,3
2024-12-01 23:00:00.398346,TRADE,6053.75,2
2024-12-01 23:00:00.404668,TRADE,6054.0,2
2024-12-01 23:00:00.404677,TRADE,6054.25,1
2024-12-01 23:00:00.405615,TRADE,6054.0,7
2024-12-01 23:00:00.406624,TRADE,6054.0,1
2024-12-01 23:00:00.543313,TRADE,6054.0,4
2024-12-01 23:00:00.544662,TRADE,6053.75,2
2024-12-01 23:00:00.556888,TRADE,6053.75,1
2024-12-01 23:00:00.569205,TRADE,6053.5,4
2024-12-01 23:00:00.678517,TRADE,6053.25,2
2024-12-01 23:00:00.678517,TRADE,6053.0,1
2024-12-01 23:00:00.707273,TRADE,6053.0,1
2024-12-01 23:00:00.708341,TRADE,6053.0,1
2024-12-01 23:00:00.714255,TRADE,6052.75,2
2024-12-01 23:00:00.714255,TRADE,6052.5,5
2024-12-01 23:00:00.714255,TRADE,6052.25,1
2024-12-01 23:00:00.725650,TRADE,6052.25,1
2024-12-01 23:00:00.730282,TRADE,6052.25,1
2024-12-01 23:00:00.759218,TRADE,6051.75,1
2024-12-01 23:00:00.762407,TRADE,6052.0,1
2024-12-01 23:00:00.806832,TRADE,6052.0,2
2024-12-01 23:00:00.937427,TRADE,6052.25,1
2024-12-01 23:00:00.983362,TRADE,6052.0,1
2024-12-01 23:00:01.039343,TRADE,6052.5,2
2024-12-01 23:00:01.097528,TRADE,6053.0,1
2024-12-01 23:00:01.101377,TRADE,6052.75,2
2024-12-01 23:00:01.143486,TRADE,6052.5,1
2024-12-01 23:00:01.164821,TRADE,6052.5,1
2024-12-01 23:00:01.183793,TRADE,6052.5,1
2024-12-01 23:00:01.228457,TRADE,6052.75,1
2024-12-01 23:00:01.255478,TRADE,6052.75,1
2024-12-01 23:00:01.282575,TRADE,6052.75,1
2024-12-01 23:00:01.311312,TRADE,6052.75,1
2024-12-01 23:00:01.337451,TRADE,6052.75,1
2024-12-01 23:00:01.357503,TRADE,6052.75,1
2024-12-01 23:00:01.358511,TRADE,6052.75,1
2024-12-01 23:00:01.384405,TRADE,6052.75,1
2024-12-01 23:00:01.411648,TRADE,6052.75,1
2024-12-01 23:00:01.437659,TRADE,6052.75,1
2024-12-01 23:00:01.458940,TRADE,6052.5,1
2024-12-01 23:00:01.471759,TRADE,6052.75,1
2024-12-01 23:00:01.472712,TRADE,6052.75,1
2024-12-01 23:00:01.476729,TRADE,6053.0,1
2024-12-01 23:00:01.479730,TRADE,6053.0,1
2024-12-01 23:00:01.499095,TRADE,6052.75,1
2024-12-01 23:00:01.510210,TRADE,6052.5,10
2024-12-01 23:00:01.590862,TRADE,6052.25,1
2024-12-01 23:00:01.789677,TRADE,6052.25,2
2024-12-01 23:00:01.791725,TRADE,6052.25,1
2024-12-01 23:00:01.870980,TRADE,6052.25,2
2024-12-01 23:00:01.870980,TRADE,6052.5,3
2024-12-01 23:00:01.870980,TRADE,6052.75,7
2024-12-01 23:00:01.870980,TRADE,6053.0,19
2024-12-01 23:00:01.870980,TRADE,6053.25,4
2024-12-01 23:00:01.889678,TRADE,6052.25,1
2024-12-01 23:00:01.953874,TRADE,6052.25,1
2024-12-01 23:00:02.011187,TRADE,6052.0,2
2024-12-01 23:00:02.134896,TRADE,6052.0,2
2024-12-01 23:00:02.134896,TRADE,6052.25,2
2024-12-01 23:00:02.199391,TRADE,6051.75,1
2024-12-01 23:00:02.214435,TRADE,6051.75,2
2024-12-01 23:00:02.215579,TRADE,6051.75,1
2024-12-01 23:00:02.223876,TRADE,6051.75,1
2024-12-01 23:00:02.232745,TRADE,6052.0,1
2024-12-01 23:00:02.354909,TRADE,6051.75,1
2024-12-01 23:00:02.441481,TRADE,6052.0,4
2024-12-01 23:00:02.556028,TRADE,6051.5,1
2024-12-01 23:00:02.557175,TRADE,6051.5,4
2024-12-01 23:00:02.586485,TRADE,6052.0,10
2024-12-01 23:00:02.587455,TRADE,6052.0,1
2024-12-01 23:00:02.963807,TRADE,6052.0,1
2024-12-01 23:00:03.355626,TRADE,6052.0,3
2024-12-01 23:00:03.386687,TRADE,6052.25,3
2024-12-01 23:00:04.101676,TRADE,6052.0,1
2024-12-01 23:00:04.141865,TRADE,6052.0,1
2024-12-01 23:00:04.328649,TRADE,6051.75,1
2024-12-01 23:00:04.455022,TRADE,6052.0,1
2024-12-01 23:00:04.462902,TRADE,6052.0,3
2024-12-01 23:00:04.913773,TRADE,6052.0,2
2024-12-01 23:00:04.913773,TRADE,6052.25,2
2024-12-01 23:00:04.913773,TRADE,6052.5,6
2024-12-01 23:00:04.943004,TRADE,6052.0,1
2024-12-01 23:00:05.840317,TRADE,6052.0,1
2024-12-01 23:00:06.067132,TRADE,6052.25,4
2024-12-01 23:00:06.067132,TRADE,6052.5,4
2024-12-01 23:00:06.171995,TRADE,6052.75,1
2024-12-01 23:00:06.172458,TRADE,6052.75,3
2024-12-01 23:00:06.201873,TRADE,6052.5,1
2024-12-01 23:00:06.338161,TRADE,6052.75,2
2024-12-01 23:00:06.393467,TRADE,6052.5,1
2024-12-01 23:00:06.474939,TRADE,6053.0,1
2024-12-01 23:00:06.505203,TRADE,6052.5,1
2024-12-01 23:00:06.700197,TRADE,6053.0,7
2024-12-01 23:00:06.758005,TRADE,6053.5,6
2024-12-01 23:00:06.758691,TRADE,6053.5,1
2024-12-01 23:00:06.759501,TRADE,6053.25,1
2024-12-01 23:00:06.920992,TRADE,6053.5,1
2024-12-01 23:00:06.995470,TRADE,6053.25,2
2024-12-01 23:00:06.995773,TRADE,6053.0,1
2024-12-01 23:00:07.008112,TRADE,6053.0,1
2024-12-01 23:00:07.015272,TRADE,6053.25,1
2024-12-01 23:00:07.016641,TRADE,6052.75,3
2024-12-01 23:00:07.016641,TRADE,6052.5,9
2024-12-01 23:00:07.016641,TRADE,6052.25,5
2024-12-01 23:00:07.016641,TRADE,6052.0,10
2024-12-01 23:00:07.016879,TRADE,6053.25,1
2024-12-01 23:00:07.018561,TRADE,6053.25,2
2024-12-01 23:00:07.018561,TRADE,6053.5,8
2024-12-01 23:00:07.018561,TRADE,6053.75,16
2024-12-01 23:00:07.018561,TRADE,6054.0,2
2024-12-01 23:00:07.025575,TRADE,6052.5,1
2024-12-01 23:00:07.026233,TRADE,6052.75,1
2024-12-01 23:00:07.033742,TRADE,6052.25,3
2024-12-01 23:00:07.033742,TRADE,6052.0,1
2024-12-01 23:00:07.034089,TRADE,6053.0,4
2024-12-01 23:00:07.034790,TRADE,6052.75,1
2024-12-01 23:00:07.039548,TRADE,6052.0,2
2024-12-01 23:00:07.039826,TRADE,6053.25,2
2024-12-01 23:00:07.047091,TRADE,6052.75,1
2024-12-01 23:00:07.126325,TRADE,6052.75,2
2024-12-01 23:00:07.185828,TRADE,6052.5,2
2024-12-01 23:00:07.190919,TRADE,6053.0,1
2024-12-01 23:00:07.191281,TRADE,6052.5,1
2024-12-01 23:00:07.242027,TRADE,6052.75,1
2024-12-01 23:00:07.259865,TRADE,6052.75,1
2024-12-01 23:00:07.620332,TRADE,6052.75,1
2024-12-01 23:00:07.620888,TRADE,6052.75,4
2024-12-01 23:00:07.625289,TRADE,6053.0,1
2024-12-01 23:00:07.625595,TRADE,6052.5,1
2024-12-01 23:00:07.911741,TRADE,6053.0,4
2024-12-01 23:00:07.920610,TRADE,6053.25,1
2024-12-01 23:00:07.921064,TRADE,6052.75,1
2024-12-01 23:00:08.190074,TRADE,6053.0,3
2024-12-01 23:00:08.195528,TRADE,6052.75,1
2024-12-01 23:00:08.195880,TRADE,6053.25,1
2024-12-01 23:00:08.353354,TRADE,6053.0,2
2024-12-01 23:00:08.938886,TRADE,6053.75,1
2024-12-01 23:00:08.943705,TRADE,6053.25,1
2024-12-01 23:00:08.943990,TRADE,6053.75,1
2024-12-01 23:00:09.048881,TRADE,6053.25,2
2024-12-01 23:00:09.228724,TRADE,6053.25,2
2024-12-01 23:00:09.228724,TRADE,6053.5,3
2024-12-01 23:00:09.228724,TRADE,6053.75,5
2024-12-01 23:00:09.233947,TRADE,6053.0,2
2024-12-01 23:00:09.234305,TRADE,6053.5,2
2024-12-01 23:00:09.253365,TRADE,6053.75,1
2024-12-01 23:00:09.350182,TRADE,6053.5,1
2024-12-01 23:00:09.354819,TRADE,6053.25,1
2024-12-01 23:00:09.355052,TRADE,6053.0,1
2024-12-01 23:00:09.355415,TRADE,6053.25,1
2024-12-01 23:00:09.355813,TRADE,6053.25,1
2024-12-01 23:00:09.381024,TRADE,6053.5,1
2024-12-01 23:00:09.529681,TRADE,6053.0,1
2024-12-01 23:00:09.676664,TRADE,6053.0,1
2024-12-01 23:00:09.682093,TRADE,6053.0,1
2024-12-01 23:00:09.682474,TRADE,6053.5,1
2024-12-01 23:00:09.890251,TRADE,6053.25,2
2024-12-01 23:00:10.368774,TRADE,6053.25,1
2024-12-01 23:00:10.369306,TRADE,6053.25,4
2024-12-01 23:00:10.374195,TRADE,6053.25,1
2024-12-01 23:00:10.374564,TRADE,6053.5,1
2024-12-01 23:00:10.374861,TRADE,6053.25,1
2024-12-01 23:00:10.394023,TRADE,6053.5,1
2024-12-01 23:00:10.398247,TRADE,6053.5,1
2024-12-01 23:00:10.398832,TRADE,6053.25,1
2024-12-01 23:00:10.470459,TRADE,6053.5,4
2024-12-01 23:00:10.471088,TRADE,6053.5,3
2024-12-01 23:00:10.475557,TRADE,6054.0,1
2024-12-01 23:00:10.476035,TRADE,6053.5,1
2024-12-01 23:00:10.558064,TRADE,6053.5,1
2024-12-01 23:00:11.353217,TRADE,6053.75,2
2024-12-01 23:00:11.928011,TRADE,6054.0,5
2024-12-01 23:00:11.928583,TRADE,6054.0,1
2024-12-01 23:00:11.928884,TRADE,6054.0,1
2024-12-01 23:00:12.057387,TRADE,6054.25,1
2024-12-01 23:00:12.057881,TRADE,6054.25,1
2024-12-01 23:00:12.058199,TRADE,6054.25,1
2024-12-01 23:00:12.058649,TRADE,6054.25,1
2024-12-01 23:00:12.059419,TRADE,6054.25,1
2024-12-01 23:00:12.059767,TRADE,6054.25,1
2024-12-01 23:00:12.060201,TRADE,6054.25,1
2024-12-01 23:00:12.170014,TRADE,6054.25,1
2024-12-01 23:00:12.227460,TRADE,6054.25,1
2024-12-01 23:00:12.229831,TRADE,6054.25,1
2024-12-01 23:00:12.249249,TRADE,6054.0,1
2024-12-01 23:00:12.278326,TRADE,6054.0,2
2024-12-01 23:00:12.570302,TRADE,6053.75,2
2024-12-01 23:00:12.606030,TRADE,6053.75,4
2024-12-01 23:00:12.745827,TRADE,6053.75,1
2024-12-01 23:00:13.186497,TRADE,6054.0,3
2024-12-01 23:00:13.186497,TRADE,6054.25,7
2024-12-01 23:00:13.187475,TRADE,6054.0,1
2024-12-01 23:00:13.317474,TRADE,6053.75,1
2024-12-01 23:00:13.318101,TRADE,6053.75,1
2024-12-01 23:00:13.644097,TRADE,6053.75,5
2024-12-01 23:00:13.644651,TRADE,6053.75,1
2024-12-01 23:00:13.935726,TRADE,6053.75,1
2024-12-01 23:00:14.138180,TRADE,6054.0,3
2024-12-01 23:00:14.138180,TRADE,6054.25,2
2024-12-01 23:00:14.177542,TRADE,6053.5,1
2024-12-01 23:00:14.210828,TRADE,6053.5,10
2024-12-01 23:00:14.706048,TRADE,6053.75,5
2024-12-01 23:00:14.706679,TRADE,6053.5,19
2024-12-01 23:00:14.707011,TRADE,6053.5,18
2024-12-01 23:00:14.707357,TRADE,6053.5,1
2024-12-01 23:00:14.708697,TRADE,6053.25,5
2024-12-01 23:00:14.708717,TRADE,6053.0,1
2024-12-01 23:00:14.709855,TRADE,6053.25,2
2024-12-01 23:00:14.976593,TRADE,6053.0,8
2024-12-01 23:00:15.300244,TRADE,6053.0,1
2024-12-01 23:00:15.300509,TRADE,6053.0,2
2024-12-01 23:00:15.347785,TRADE,6053.25,3
2024-12-01 23:00:15.347785,TRADE,6053.5,6
2024-12-01 23:00:15.347785,TRADE,6053.75,1
2024-12-01 23:00:15.371700,TRADE,6053.25,4
2024-12-01 23:00:15.371700,TRADE,6053.0,4
2024-12-01 23:00:15.371700,TRADE,6052.75,12
2024-12-01 23:00:15.387770,TRADE,6053.0,1
2024-12-01 23:00:15.389470,TRADE,6053.0,1
2024-12-01 23:00:15.473711,TRADE,6053.5,3
2024-12-01 23:00:15.473711,TRADE,6053.75,2
2024-12-01 23:00:15.729349,TRADE,6053.25,1
2024-12-01 23:00:15.770769,TRADE,6053.25,1
2024-12-01 23:00:16.057252,TRADE,6053.5,1
2024-12-01 23:00:16.104002,TRADE,6052.75,1
2024-12-01 23:00:16.468333,TRADE,6053.25,1
2024-12-01 23:00:16.517354,TRADE,6053.0,3
2024-12-01 23:00:16.518081,TRADE,6053.0,1
2024-12-01 23:00:16.518631,TRADE,6053.0,1
2024-12-01 23:00:16.518919,TRADE,6053.0,1
2024-12-01 23:00:16.519453,TRADE,6053.0,1
2024-12-01 23:00:17.167282,TRADE,6053.25,1
2024-12-01 23:00:17.216458,TRADE,6052.75,1
2024-12-01 23:00:17.216458,TRADE,6052.5,1
2024-12-01 23:00:17.334551,TRADE,6052.75,1
2024-12-01 23:00:17.499859,TRADE,6053.0,4
2024-12-01 23:00:17.500324,TRADE,6053.0,2
2024-12-01 23:00:17.500798,TRADE,6053.0,2
2024-12-01 23:00:17.501408,TRADE,6053.0,1
2024-12-01 23:00:17.916103,TRADE,6052.75,2
2024-12-01 23:00:18.130017,TRADE,6052.5,2
2024-12-01 23:00:18.290036,TRADE,6052.75,1
2024-12-01 23:00:18.311774,TRADE,6052.5,1
2024-12-01 23:00:19.608088,TRADE,6052.5,2
2024-12-01 23:00:19.980086,TRADE,6052.75,1
2024-12-01 23:00:20.364474,TRADE,6053.0,12
2024-12-01 23:00:20.364474,TRADE,6053.25,4
2024-12-01 23:00:20.364474,TRADE,6053.5,12
2024-12-01 23:00:20.365159,TRADE,6052.5,5
2024-12-01 23:00:20.365159,TRADE,6052.25,10
2024-12-01 23:00:20.365159,TRADE,6052.0,17
2024-12-01 23:00:20.370053,TRADE,6053.0,3
2024-12-01 23:00:20.370572,TRADE,6052.25,2
2024-12-01 23:00:20.373926,TRADE,6053.25,1
2024-12-01 23:00:20.374306,TRADE,6052.5,1
2024-12-01 23:00:20.378060,TRADE,6053.25,3
2024-12-01 23:00:20.378060,TRADE,6053.5,1
2024-12-01 23:00:20.378862,TRADE,6052.75,1
2024-12-01 23:00:21.282483,TRADE,6053.0,1
2024-12-01 23:00:21.283144,TRADE,6053.0,1
2024-12-01 23:00:21.286980,TRADE,6052.25,1
2024-12-01 23:00:21.287291,TRADE,6053.0,1
2024-12-01 23:00:23.600638,TRADE,6053.0,1
2024-12-01 23:00:24.039353,TRADE,6053.0,1
2024-12-01 23:00:24.039619,TRADE,6053.0,1
2024-12-01 23:00:24.718439,TRADE,6053.0,5
2024-12-01 23:00:24.718941,TRADE,6053.0,2
2024-12-01 23:00:24.719383,TRADE,6053.0,2
2024-12-01 23:00:24.722310,TRADE,6052.75,1
2024-12-01 23:00:24.722637,TRADE,6053.25,1
2024-12-01 23:00:24.726327,TRADE,6052.75,1
2024-12-01 23:00:24.727282,TRADE,6053.25,1
2024-12-01 23:00:24.844449,TRADE,6053.5,1
2024-12-01 23:00:24.910269,TRADE,6053.5,1
2024-12-01 23:00:24.914775,TRADE,6053.5,1
2024-12-01 23:00:24.915050,TRADE,6053.0,1
2024-12-01 23:00:25.499227,TRADE,6053.5,2
2024-12-01 23:00:26.378130,TRADE,6053.0,3
2024-12-01 23:00:26.378130,TRADE,6052.75,1
2024-12-01 23:00:26.382110,TRADE,6053.0,1
2024-12-01 23:00:26.382361,TRADE,6053.5,1
2024-12-01 23:00:26.510970,TRADE,6053.0,3
2024-12-01 23:00:26.510970,TRADE,6052.75,9
2024-12-01 23:00:26.511531,TRADE,6052.75,5
2024-12-01 23:00:26.511850,TRADE,6052.75,2
2024-12-01 23:00:26.512210,TRADE,6052.75,1
2024-12-01 23:00:26.512921,TRADE,6052.75,1
2024-12-01 23:00:26.514982,TRADE,6053.25,1
2024-12-01 23:00:26.518631,TRADE,6053.25,3
2024-12-01 23:00:26.712872,TRADE,6053.25,1
2024-12-01 23:00:26.713303,TRADE,6053.25,1
2024-12-01 23:00:27.606144,TRADE,6053.25,1
2024-12-01 23:00:28.590112,TRADE,6053.25,2
2024-12-01 23:00:28.590370,TRADE,6053.25,8
2024-12-01 23:00:28.590821,TRADE,6053.25,1
2024-12-01 23:00:30.114782,TRADE,6053.0,1
2024-12-01 23:00:31.216619,TRADE,6053.0,2
2024-12-01 23:00:32.240941,TRADE,6053.0,1
2024-12-01 23:00:32.242518,TRADE,6053.25,1
2024-12-01 23:00:32.283185,TRADE,6053.0,1
2024-12-01 23:00:32.285085,TRADE,6053.0,1
2024-12-01 23:00:34.443977,TRADE,6052.75,1
2024-12-01 23:00:34.444004,TRADE,6052.5,1
2024-12-01 23:00:34.444625,TRADE,6052.75,1
2024-12-01 23:00:34.444938,TRADE,6052.75,1
2024-12-01 23:00:34.445456,TRADE,6052.75,1
2024-12-01 23:00:34.446032,TRADE,6052.75,1
2024-12-01 23:00:34.446415,TRADE,6052.75,2
2024-12-01 23:00:34.447075,TRADE,6052.75,1
2024-12-01 23:00:35.374482,TRADE,6053.0,5
2024-12-01 23:00:35.375066,TRADE,6053.0,1
2024-12-01 23:00:35.375588,TRADE,6053.0,1
2024-12-01 23:00:36.421541,TRADE,6053.25,1
2024-12-01 23:00:36.424943,TRADE,6053.25,1
2024-12-01 23:00:36.425497,TRADE,6053.25,6
2024-12-01 23:00:36.426162,TRADE,6053.25,1
2024-12-01 23:00:36.426514,TRADE,6053.25,1
2024-12-01 23:00:36.427168,TRADE,6053.25,1
2024-12-01 23:00:36.429230,TRADE,6053.5,1
2024-12-01 23:00:37.174176,TRADE,6053.5,4
2024-12-01 23:00:37.174762,TRADE,6053.5,1
2024-12-01 23:00:37.178501,TRADE,6053.75,1
2024-12-01 23:00:37.430096,TRADE,6053.5,1
2024-12-01 23:00:37.430675,TRADE,6053.5,1
2024-12-01 23:00:37.431218,TRADE,6053.5,1
2024-12-01 23:00:37.431625,TRADE,6053.5,1
2024-12-01 23:00:37.705143,TRADE,6053.25,1
2024-12-01 23:00:37.709209,TRADE,6053.75,1
2024-12-01 23:00:38.309719,TRADE,6053.5,1
2024-12-01 23:00:38.352634,TRADE,6053.5,1
2024-12-01 23:00:38.578573,TRADE,6053.75,1
2024-12-01 23:00:38.684462,TRADE,6053.5,2
2024-12-01 23:00:38.684890,TRADE,6053.75,4
2024-12-01 23:00:38.685543,TRADE,6053.75,1
2024-12-01 23:00:38.909398,TRADE,6054.0,1
2024-12-01 23:00:38.910023,TRADE,6053.75,1
2024-12-01 23:00:40.080973,TRADE,6054.0,1
2024-12-01 23:00:40.147792,TRADE,6053.5,2
2024-12-01 23:00:41.494578,TRADE,6053.5,2
2024-12-01 23:00:41.496945,TRADE,6053.5,4
2024-12-01 23:00:41.497503,TRADE,6053.5,1
2024-12-01 23:00:41.563685,TRADE,6053.5,1
2024-12-01 23:00:41.564174,TRADE,6053.5,2
2024-12-01 23:00:41.584498,TRADE,6053.25,1
2024-12-01 23:00:41.862425,TRADE,6053.5,1
2024-12-01 23:00:41.862897,TRADE,6053.5,1
2024-12-01 23:00:42.353866,TRADE,6053.5,2
2024-12-01 23:00:43.667528,TRADE,6053.5,1
2024-12-01 23:00:43.667975,TRADE,6053.5,1
2024-12-01 23:00:43.707926,TRADE,6053.5,1
2024-12-01 23:00:43.708369,TRADE,6053.5,1
2024-12-01 23:00:43.708760,TRADE,6053.5,1
2024-12-01 23:00:45.140640,TRADE,6053.5,1
2024-12-01 23:00:45.141112,TRADE,6053.5,1
2024-12-01 23:00:45.376127,TRADE,6053.5,2
2024-12-01 23:00:45.376127,TRADE,6053.75,4
2024-12-01 23:00:45.376694,TRADE,6053.5,1
2024-12-01 23:00:45.377025,TRADE,6053.5,1
2024-12-01 23:00:45.379820,TRADE,6053.75,1
2024-12-01 23:00:46.024867,TRADE,6053.75,1
2024-12-01 23:00:49.056618,TRADE,6053.75,1
2024-12-01 23:00:49.240178,TRADE,6053.75,1
2024-12-01 23:00:49.704139,TRADE,6053.25,6
2024-12-01 23:00:49.704139,TRADE,6053.0,4
2024-12-01 23:00:49.708785,TRADE,6053.5,1
2024-12-01 23:00:49.712179,TRADE,6053.5,1
2024-12-01 23:00:50.105841,TRADE,6053.5,1
2024-12-01 23:00:51.493304,TRADE,6053.25,1
2024-12-01 23:00:51.766708,TRADE,6053.25,2
2024-12-01 23:00:51.766908,TRADE,6053.25,1
2024-12-01 23:00:51.767477,TRADE,6053.25,1
2024-12-01 23:00:51.767829,TRADE,6053.25,1
2024-12-01 23:00:51.791146,TRADE,6053.25,2
2024-12-01 23:00:52.353124,TRADE,6053.25,1
2024-12-01 23:00:52.353500,TRADE,6053.25,2
2024-12-01 23:00:52.822872,TRADE,6053.0,3
2024-12-01 23:00:52.823110,TRADE,6053.0,3
2024-12-01 23:00:52.823697,TRADE,6053.0,5
2024-12-01 23:00:52.824614,TRADE,6053.0,1
2024-12-01 23:00:52.824860,TRADE,6053.0,1
2024-12-01 23:00:52.825579,TRADE,6053.0,3
2024-12-01 23:00:52.891471,TRADE,6053.25,1
2024-12-01 23:00:53.356874,TRADE,6053.25,1
2024-12-01 23:00:53.382306,TRADE,6053.25,1
2024-12-01 23:00:55.010508,TRADE,6052.75,6
2024-12-01 23:00:55.010520,TRADE,6052.75,2
2024-12-01 23:00:55.011068,TRADE,6052.75,1
2024-12-01 23:00:55.011475,TRADE,6052.75,1
2024-12-01 23:00:55.011914,TRADE,6052.75,1
2024-12-01 23:00:55.062177,TRADE,6052.75,1
2024-12-01 23:00:55.647595,TRADE,6052.75,1
2024-12-01 23:00:55.778110,TRADE,6052.75,1
2024-12-01 23:00:56.983060,TRADE,6053.0,5
2024-12-01 23:00:56.983702,TRADE,6053.0,1
2024-12-01 23:00:56.984136,TRADE,6053.0,1
2024-12-01 23:00:56.984385,TRADE,6053.0,1
2024-12-01 23:00:56.984755,TRADE,6053.0,1
2024-12-01 23:00:57.475950,TRADE,6053.0,2
2024-12-01 23:00:57.476403,TRADE,6053.0,2
2024-12-01 23:00:57.477003,TRADE,6053.0,1
2024-12-01 23:00:57.492404,TRADE,6052.75,2
2024-12-01 23:00:57.492895,TRADE,6052.75,1
2024-12-01 23:00:57.493879,TRADE,6052.75,1
2024-12-01 23:00:57.494134,TRADE,6052.75,1
2024-12-01 23:00:58.508501,TRADE,6053.0,3
2024-12-01 23:00:58.508501,TRADE,6053.25,8
2024-12-01 23:00:58.509232,TRADE,6053.0,1
2024-12-01 23:00:58.510031,TRADE,6053.0,1
2024-12-01 23:00:58.510436,TRADE,6053.0,1
2024-12-01 23:00:58.510659,TRADE,6053.0,1
2024-12-01 23:00:58.513131,TRADE,6053.25,1
2024-12-01 23:00:59.271009,TRADE,6053.25,8
2024-12-01 23:00:59.271781,TRADE,6053.25,1
2024-12-01 23:00:59.273200,TRADE,6053.25,1
2024-12-01 23:00:59.273688,TRADE,6053.25,1
2024-12-01 23:00:59.274056,TRADE,6053.5,2
2024-12-01 23:01:00.011694,TRADE,6053.5,8
2024-12-01 23:01:00.013385,TRADE,6053.5,1
2024-12-01 23:01:00.017000,TRADE,6053.75,1
2024-12-01 23:01:00.020572,TRADE,6053.75,1
2024-12-01 23:01:00.045252,TRADE,6053.5,2
2024-12-01 23:01:00.045537,TRADE,6053.5,1
2024-12-01 23:01:00.064322,TRADE,6053.5,1
2024-12-01 23:01:00.064801,TRADE,6053.5,1
2024-12-01 23:01:00.069111,TRADE,6053.75,1
2024-12-01 23:01:00.087697,TRADE,6053.25,1
2024-12-01 23:01:00.117759,TRADE,6053.75,3
2024-12-01 23:01:00.118243,TRADE,6053.25,1
2024-12-01 23:01:00.118670,TRADE,6053.25,1
2024-12-01 23:01:00.119083,TRADE,6053.25,1
2024-12-01 23:01:00.119502,TRADE,6053.25,1
2024-12-01 23:01:00.119705,TRADE,6053.5,1
2024-12-01 23:01:00.119974,TRADE,6053.25,1
2024-12-01 23:01:00.120409,TRADE,6053.25,1
2024-12-01 23:01:00.121914,TRADE,6053.5,1
2024-12-01 23:01:00.219199,TRADE,6053.25,1
2024-12-01 23:01:00.219417,TRADE,6053.25,1
2024-12-01 23:01:00.219967,TRADE,6053.25,3
2024-12-01 23:01:00.220444,TRADE,6053.25,1
2024-12-01 23:01:00.222669,TRADE,6053.5,4
2024-12-01 23:01:00.222669,TRADE,6053.75,1
2024-12-01 23:01:00.223288,TRADE,6053.5,1
2024-12-01 23:01:00.223551,TRADE,6053.5,1
2024-12-01 23:01:00.225150,TRADE,6053.75,2
2024-12-01 23:01:00.228214,TRADE,6053.75,1
2024-12-01 23:01:00.258691,TRADE,6053.5,2
2024-12-01 23:01:00.259164,TRADE,6053.5,1
2024-12-01 23:01:00.259684,TRADE,6053.5,2
2024-12-01 23:01:00.260164,TRADE,6053.5,1
2024-12-01 23:01:00.263391,TRADE,6053.75,1
2024-12-01 23:01:00.639370,TRADE,6053.75,1
2024-12-01 23:01:00.828474,TRADE,6053.75,3
2024-12-01 23:01:00.829378,TRADE,6053.75,6
2024-12-01 23:01:00.829608,TRADE,6054.0,1
2024-12-01 23:01:00.830023,TRADE,6053.75,2
2024-12-01 23:01:00.830293,TRADE,6053.75,1
2024-12-01 23:01:00.832426,TRADE,6054.0,2
2024-12-01 23:01:01.019409,TRADE,6053.75,3
2024-12-01 23:01:01.019743,TRADE,6053.75,2
2024-12-01 23:01:01.020038,TRADE,6053.75,1
2024-12-01 23:01:01.023655,TRADE,6054.0,1
2024-12-01 23:01:01.233194,TRADE,6054.0,1
2024-12-01 23:01:01.237192,TRADE,6054.0,1
2024-12-01 23:01:01.748518,TRADE,6053.75,3
2024-12-01 23:01:01.752107,TRADE,6053.75,3
2024-12-01 23:01:01.756059,TRADE,6054.0,1
2024-12-01 23:01:01.795277,TRADE,6054.0,1
2024-12-01 23:01:02.721512,TRADE,6053.75,1
2024-12-01 23:01:03.126203,TRADE,6053.5,1
2024-12-01 23:01:03.126635,TRADE,6053.75,1
2024-12-01 23:01:03.127136,TRADE,6053.75,1
2024-12-01 23:01:03.127546,TRADE,6053.5,1
2024-12-01 23:01:03.127949,TRADE,6053.5,1
2024-12-01 23:01:03.128345,TRADE,6053.5,1
2024-12-01 23:01:03.130676,TRADE,6053.75,1
2024-12-01 23:01:03.131178,TRADE,6053.75,2
2024-12-01 23:01:03.353508,TRADE,6053.75,1
2024-12-01 23:01:03.357467,TRADE,6054.0,1
2024-12-01 23:01:04.035049,TRADE,6053.75,5
2024-12-01 23:01:04.711534,TRADE,6054.0,4
2024-12-01 23:01:04.711534,TRADE,6054.25,7
2024-12-01 23:01:04.711546,TRADE,6054.5,1
2024-12-01 23:01:04.711546,TRADE,6054.5,2
2024-12-01 23:01:04.713077,TRADE,6054.0,1
2024-12-01 23:01:04.715743,TRADE,6054.5,1
2024-12-01 23:01:04.719272,TRADE,6054.5,2
2024-12-01 23:01:04.719765,TRADE,6054.0,3
2024-12-01 23:01:04.722072,TRADE,6053.75,5
2024-12-01 23:01:04.724246,TRADE,6053.75,10
2024-12-01 23:01:04.724584,TRADE,6053.75,2
2024-12-01 23:01:04.724886,TRADE,6053.75,3
2024-12-01 23:01:04.725551,TRADE,6053.5,4
2024-12-01 23:01:04.726711,TRADE,6053.25,2
2024-12-01 23:01:04.728092,TRADE,6053.25,1
2024-12-01 23:01:04.728515,TRADE,6053.25,1
2024-12-01 23:01:04.729020,TRADE,6053.25,2
2024-12-01 23:01:04.729287,TRADE,6053.5,1
2024-12-01 23:01:04.729731,TRADE,6053.25,1
2024-12-01 23:01:04.732490,TRADE,6053.5,3
2024-12-01 23:01:04.732992,TRADE,6053.5,1
2024-12-01 23:01:04.735900,TRADE,6053.5,2
2024-12-01 23:01:05.036325,TRADE,6053.5,1
2024-12-01 23:01:05.036642,TRADE,6053.5,1
2024-12-01 23:01:05.040054,TRADE,6053.5,1
2024-12-01 23:01:05.313612,TRADE,6053.5,2
2024-12-01 23:01:05.314018,TRADE,6053.5,1
2024-12-01 23:01:05.440071,TRADE,6053.25,1
2024-12-01 23:01:05.573763,TRADE,6053.25,1
2024-12-01 23:01:05.574122,TRADE,6053.25,1
2024-12-01 23:01:05.577859,TRADE,6053.25,1
2024-12-01 23:01:05.578249,TRADE,6053.25,1
2024-12-01 23:01:05.578746,TRADE,6053.25,1
2024-12-01 23:01:05.640314,TRADE,6053.25,1
2024-12-01 23:01:05.640888,TRADE,6053.25,1
2024-12-01 23:01:05.734262,TRADE,6053.25,1
2024-12-01 23:01:05.737660,TRADE,6053.5,1
2024-12-01 23:01:05.738111,TRADE,6053.25,1
2024-12-01 23:01:06.056412,TRADE,6053.25,1
2024-12-01 23:01:06.056738,TRADE,6053.25,1
2024-12-01 23:01:06.136315,TRADE,6053.25,1
2024-12-01 23:01:06.137486,TRADE,6053.0,1
2024-12-01 23:01:06.137854,TRADE,6053.0,1
2024-12-01 23:01:06.138348,TRADE,6053.25,1
2024-12-01 23:01:06.139047,TRADE,6053.0,1
2024-12-01 23:01:06.139960,TRADE,6053.25,1
2024-12-01 23:01:06.140470,TRADE,6053.25,1
2024-12-01 23:01:06.140828,TRADE,6053.25,1
2024-12-01 23:01:06.141000,TRADE,6053.25,1
2024-12-01 23:01:06.141259,TRADE,6053.5,1
2024-12-01 23:01:06.142877,TRADE,6053.25,1
2024-12-01 23:01:06.144425,TRADE,6053.5,1
2024-12-01 23:01:07.372677,TRADE,6053.5,1
2024-12-01 23:01:07.512531,TRADE,6053.5,1
2024-12-01 23:01:09.248765,TRADE,6053.5,3
2024-12-01 23:01:09.249136,TRADE,6053.5,1
2024-12-01 23:01:09.249378,TRADE,6053.5,1
2024-12-01 23:01:09.250121,TRADE,6053.5,1
2024-12-01 23:01:09.250581,TRADE,6053.5,1
2024-12-01 23:01:09.255608,TRADE,6053.75,1
2024-12-01 23:01:09.468475,TRADE,6053.25,2
2024-12-01 23:01:09.469020,TRADE,6053.25,1
2024-12-01 23:01:09.469428,TRADE,6053.25,1
2024-12-01 23:01:09.471948,TRADE,6053.5,1
2024-12-01 23:01:09.494202,TRADE,6053.25,2
2024-12-01 23:01:09.499106,TRADE,6053.25,8
2024-12-01 23:01:09.502843,TRADE,6053.5,2
2024-12-01 23:01:09.542284,TRADE,6053.5,3
2024-12-01 23:01:09.542284,TRADE,6053.75,1
2024-12-01 23:01:09.543295,TRADE,6053.5,1
2024-12-01 23:01:09.543373,TRADE,6053.5,1
2024-12-01 23:01:09.543643,TRADE,6053.5,1
2024-12-01 23:01:09.545820,TRADE,6053.5,1
2024-12-01 23:01:09.546230,TRADE,6053.75,1
2024-12-01 23:01:09.547217,TRADE,6053.5,1
2024-12-01 23:01:09.547337,TRADE,6053.5,1
2024-12-01 23:01:09.549985,TRADE,6053.75,1
2024-12-01 23:01:11.543291,TRADE,6053.5,1
2024-12-01 23:01:12.779236,TRADE,6053.25,3
2024-12-01 23:01:12.812185,TRADE,6053.25,2
2024-12-01 23:01:12.815915,TRADE,6053.25,1
2024-12-01 23:01:12.816295,TRADE,6053.25,2
2024-12-01 23:01:12.816571,TRADE,6053.25,1
2024-12-01 23:01:12.861313,TRADE,6053.25,2
2024-12-01 23:01:12.864595,TRADE,6053.25,1
2024-12-01 23:01:12.864967,TRADE,6053.25,2
2024-12-01 23:01:12.865474,TRADE,6053.25,1
2024-12-01 23:01:12.987124,TRADE,6053.0,4
2024-12-01 23:01:12.990643,TRADE,6053.5,1
2024-12-01 23:01:13.078598,TRADE,6053.0,2
2024-12-01 23:01:13.079226,TRADE,6053.0,2
2024-12-01 23:01:13.082594,TRADE,6053.25,1
2024-12-01 23:01:13.728586,TRADE,6053.0,1
2024-12-01 23:01:13.856787,TRADE,6052.75,11
2024-12-01 23:01:13.856787,TRADE,6052.5,14
2024-12-01 23:01:13.857657,TRADE,6052.75,1
2024-12-01 23:01:13.857884,TRADE,6052.75,2
2024-12-01 23:01:13.858199,TRADE,6052.75,1
2024-12-01 23:01:13.858846,TRADE,6052.75,1
2024-12-01 23:01:13.859057,TRADE,6053.0,1
2024-12-01 23:01:13.860746,TRADE,6053.25,1
2024-12-01 23:01:13.863929,TRADE,6053.25,3
2024-12-01 23:01:13.922652,TRADE,6053.0,1
2024-12-01 23:01:13.923163,TRADE,6053.0,1
2024-12-01 23:01:13.927403,TRADE,6053.25,1
2024-12-01 23:01:15.305291,TRADE,6053.25,1
2024-12-01 23:01:18.036431,TRADE,6053.0,5
2024-12-01 23:01:18.036431,TRADE,6052.75,11
2024-12-01 23:01:18.036431,TRADE,6052.5,4
2024-12-01 23:01:18.040077,TRADE,6053.0,1
2024-12-01 23:01:18.043361,TRADE,6053.0,2
2024-12-01 23:01:18.137038,TRADE,6053.0,3
2024-12-01 23:01:18.137356,TRADE,6053.0,2
2024-12-01 23:01:18.137663,TRADE,6053.0,1
2024-12-01 23:01:18.137816,TRADE,6053.0,1
2024-12-01 23:01:18.138352,TRADE,6053.0,1
2024-12-01 23:01:18.139448,TRADE,6052.75,1
2024-12-01 23:01:18.139661,TRADE,6053.0,1
2024-12-01 23:01:18.141257,TRADE,6052.75,1
2024-12-01 23:01:18.143255,TRADE,6053.0,1
2024-12-01 23:01:19.718099,TRADE,6052.5,1
2024-12-01 23:01:19.719545,TRADE,6052.5,7
2024-12-01 23:01:19.722134,TRADE,6052.25,5
2024-12-01 23:01:19.722952,TRADE,6052.25,1
2024-12-01 23:01:19.724286,TRADE,6052.25,1
2024-12-01 23:01:19.728329,TRADE,6052.5,1
2024-12-01 23:01:19.903449,TRADE,6052.5,1
2024-12-01 23:01:19.907323,TRADE,6052.5,1
2024-12-01 23:01:20.080360,TRADE,6052.25,6
2024-12-01 23:01:20.083065,TRADE,6052.25,1
2024-12-01 23:01:20.771595,TRADE,6052.25,2
2024-12-01 23:01:20.771847,TRADE,6052.25,1
2024-12-01 23:01:20.771988,TRADE,6052.25,1
2024-12-01 23:01:20.772278,TRADE,6052.25,1
2024-12-01 23:01:20.772370,TRADE,6052.25,1
2024-12-01 23:01:20.772527,TRADE,6052.25,1
2024-12-01 23:01:20.775425,TRADE,6052.25,1
2024-12-01 23:01:21.593144,TRADE,6052.0,1
2024-12-01 23:01:22.240670,TRADE,6052.25,5
2024-12-01 23:01:22.244757,TRADE,6052.25,1
2024-12-01 23:01:22.845080,TRADE,6052.0,1
2024-12-01 23:01:22.845339,TRADE,6052.0,1
2024-12-01 23:01:22.899298,TRADE,6052.25,2
2024-12-01 23:01:22.903145,TRADE,6052.25,1
2024-12-01 23:01:23.058745,TRADE,6052.0,1
2024-12-01 23:01:23.059805,TRADE,6052.0,2
2024-12-01 23:01:23.060135,TRADE,6052.0,2
2024-12-01 23:01:23.060459,TRADE,6052.0,1
2024-12-01 23:01:23.063007,TRADE,6052.25,1
2024-12-01 23:01:23.093843,TRADE,6052.25,2
2024-12-01 23:01:23.094165,TRADE,6052.25,2
2024-12-01 23:01:23.325157,TRADE,6052.25,1
2024-12-01 23:01:23.329297,TRADE,6052.25,1
2024-12-01 23:01:24.216223,TRADE,6052.25,1
2024-12-01 23:01:24.246586,TRADE,6052.0,1
2024-12-01 23:01:24.329610,TRADE,6052.0,2
2024-12-01 23:01:24.330095,TRADE,6052.0,12
2024-12-01 23:01:24.331186,TRADE,6052.0,2
2024-12-01 23:01:24.332005,TRADE,6052.0,1
2024-12-01 23:01:24.333810,TRADE,6052.25,2
2024-12-01 23:01:24.336981,TRADE,6052.25,1
2024-12-01 23:01:24.691786,TRADE,6052.0,1
2024-12-01 23:01:24.711002,TRADE,6052.0,1
2024-12-01 23:01:24.888651,TRADE,6052.0,1
2024-12-01 23:01:25.013873,TRADE,6052.0,3
2024-12-01 23:01:25.017841,TRADE,6052.0,1
2024-12-01 23:01:25.494855,TRADE,6052.0,3
2024-12-01 23:01:25.495116,TRADE,6052.0,1
2024-12-01 23:01:25.533085,TRADE,6052.0,2
2024-12-01 23:01:25.536521,TRADE,6052.0,1
2024-12-01 23:01:25.536829,TRADE,6052.0,1
2024-12-01 23:01:25.627835,TRADE,6052.0,1
2024-12-01 23:01:25.705641,TRADE,6052.25,1
2024-12-01 23:01:26.170789,TRADE,6052.0,1
2024-12-01 23:01:26.170894,TRADE,6052.0,1
2024-12-01 23:01:26.174528,TRADE,6052.25,1
2024-12-01 23:01:26.500736,TRADE,6052.0,2
2024-12-01 23:01:26.500970,TRADE,6052.0,2
2024-12-01 23:01:26.904250,TRADE,6051.75,4
2024-12-01 23:01:26.904511,TRADE,6051.75,1
2024-12-01 23:01:26.908150,TRADE,6052.0,1
2024-12-01 23:01:26.920397,TRADE,6051.75,1
2024-12-01 23:01:27.350445,TRADE,6052.0,1
2024-12-01 23:01:27.353178,TRADE,6052.0,7
2024-12-01 23:01:27.356498,TRADE,6052.25,2
2024-12-01 23:01:27.356803,TRADE,6052.25,1
2024-12-01 23:01:27.850923,TRADE,6052.25,1
2024-12-01 23:01:27.851018,TRADE,6052.25,2
2024-12-01 23:01:29.288113,TRADE,6052.0,1
2024-12-01 23:01:29.288516,TRADE,6052.0,5
2024-12-01 23:01:29.289617,TRADE,6052.0,3
2024-12-01 23:01:29.289930,TRADE,6052.0,1
2024-12-01 23:01:29.290426,TRADE,6052.0,2
2024-12-01 23:01:29.290766,TRADE,6052.0,3
2024-12-01 23:01:29.291010,TRADE,6052.0,1
2024-12-01 23:01:29.291795,TRADE,6052.25,1
2024-12-01 23:01:29.295097,TRADE,6052.25,2
2024-12-01 23:01:29.349960,TRADE,6051.75,1
2024-12-01 23:01:29.549437,TRADE,6051.75,1
2024-12-01 23:01:29.553301,TRADE,6052.25,1
2024-12-01 23:01:29.554904,TRADE,6052.25,1
2024-12-01 23:01:29.555837,TRADE,6052.25,2
2024-12-01 23:01:29.949827,TRADE,6052.0,1
2024-12-01 23:01:30.761652,TRADE,6052.0,1
2024-12-01 23:01:30.762123,TRADE,6052.0,5
2024-12-01 23:01:30.765662,TRADE,6052.0,1
2024-12-01 23:01:30.765947,TRADE,6052.0,4
2024-12-01 23:01:30.769923,TRADE,6052.0,3
2024-12-01 23:01:30.772514,TRADE,6052.25,2
2024-12-01 23:01:30.772742,TRADE,6052.25,1
2024-12-01 23:01:30.775994,TRADE,6052.5,1
2024-12-01 23:01:30.804139,TRADE,6052.5,2
2024-12-01 23:01:30.970649,TRADE,6052.25,4
2024-12-01 23:01:30.974398,TRADE,6052.25,1
2024-12-01 23:01:31.094633,TRADE,6052.25,3
2024-12-01 23:01:31.094877,TRADE,6052.25,1
2024-12-01 23:01:31.095109,TRADE,6052.25,1
2024-12-01 23:01:31.095481,TRADE,6052.25,3
2024-12-01 23:01:31.097961,TRADE,6052.5,1
2024-12-01 23:01:31.868834,TRADE,6052.25,2
2024-12-01 23:01:31.872486,TRADE,6052.25,1
2024-12-01 23:01:32.758397,TRADE,6052.25,3
2024-12-01 23:01:32.758485,TRADE,6052.25,3
2024-12-01 23:01:32.758639,TRADE,6052.25,1
2024-12-01 23:01:32.758880,TRADE,6052.25,1
2024-12-01 23:01:32.759173,TRADE,6052.25,1
2024-12-01 23:01:32.762547,TRADE,6052.5,1
2024-12-01 23:01:33.861409,TRADE,6052.5,3
2024-12-01 23:01:33.861859,TRADE,6052.5,4
2024-12-01 23:01:33.863028,TRADE,6052.75,2
2024-12-01 23:01:33.864405,TRADE,6052.75,1
2024-12-01 23:01:33.864721,TRADE,6052.75,1
2024-12-01 23:01:33.866864,TRADE,6052.75,2
2024-12-01 23:01:33.971282,TRADE,6052.5,7
2024-12-01 23:01:33.975218,TRADE,6052.5,2
2024-12-01 23:01:34.017191,TRADE,6052.5,1
2024-12-01 23:01:34.017563,TRADE,6052.5,1
2024-12-01 23:01:34.041010,TRADE,6052.5,1
2024-12-01 23:01:35.526862,TRADE,6052.5,3
2024-12-01 23:01:35.526952,TRADE,6052.5,1
2024-12-01 23:01:35.527248,TRADE,6052.5,4
2024-12-01 23:01:35.527586,TRADE,6052.5,1
2024-12-01 23:01:35.527925,TRADE,6052.5,2
2024-12-01 23:01:35.530313,TRADE,6052.5,1
2024-12-01 23:01:35.533459,TRADE,6052.75,1
2024-12-01 23:01:36.697502,TRADE,6052.5,1
2024-12-01 23:01:36.698281,TRADE,6052.5,2
2024-12-01 23:01:36.702130,TRADE,6052.75,1
2024-12-01 23:01:37.003792,TRADE,6052.75,1
2024-12-01 23:01:37.353459,TRADE,6052.5,2
2024-12-01 23:01:37.353794,TRADE,6052.5,2
2024-12-01 23:01:37.354220,TRADE,6052.5,2
2024-12-01 23:01:37.354496,TRADE,6052.5,1
2024-12-01 23:01:37.357127,TRADE,6052.5,1
2024-12-01 23:01:38.446253,TRADE,6052.5,1
2024-12-01 23:01:39.094506,TRADE,6052.75,4
2024-12-01 23:01:39.098072,TRADE,6053.0,1
2024-12-01 23:01:39.179658,TRADE,6052.75,1
2024-12-01 23:01:39.179936,TRADE,6052.75,1
2024-12-01 23:01:40.191249,TRADE,6052.5,1
2024-12-01 23:01:40.191592,TRADE,6052.5,1
2024-12-01 23:01:40.191925,TRADE,6052.5,1
2024-12-01 23:01:40.192284,TRADE,6052.5,1
2024-12-01 23:01:40.193455,TRADE,6052.5,3
2024-12-01 23:01:40.193744,TRADE,6052.5,1
2024-12-01 23:01:40.194405,TRADE,6052.5,1
2024-12-01 23:01:40.195414,TRADE,6052.5,1
2024-12-01 23:01:40.195728,TRADE,6052.5,1
2024-12-01 23:01:40.195886,TRADE,6052.5,3
2024-12-01 23:01:40.198657,TRADE,6052.75,1
2024-12-01 23:01:40.201540,TRADE,6052.75,1
2024-12-01 23:01:40.229290,TRADE,6052.75,4
2024-12-01 23:01:40.247965,TRADE,6052.75,1
2024-12-01 23:01:40.248283,TRADE,6052.75,1
2024-12-01 23:01:40.251441,TRADE,6052.75,1
2024-12-01 23:01:41.306972,TRADE,6052.5,4
2024-12-01 23:01:41.307292,TRADE,6052.5,1
2024-12-01 23:01:41.307544,TRADE,6052.5,1
2024-12-01 23:01:41.310990,TRADE,6052.75,1
2024-12-01 23:01:41.353102,TRADE,6052.5,2
2024-12-01 23:01:41.353427,TRADE,6052.5,3
2024-12-01 23:01:41.355823,TRADE,6052.75,5
2024-12-01 23:01:41.355823,TRADE,6053.0,8
2024-12-01 23:01:41.356444,TRADE,6052.75,1
2024-12-01 23:01:41.356695,TRADE,6052.75,1
2024-12-01 23:01:41.359833,TRADE,6053.0,3
2024-12-01 23:01:41.976412,TRADE,6052.75,1
2024-12-01 23:01:42.353352,TRADE,6052.5,1
2024-12-01 23:01:42.353755,TRADE,6052.5,3
2024-12-01 23:01:42.356630,TRADE,6052.75,1
2024-12-01 23:01:42.647774,TRADE,6052.5,1
2024-12-01 23:01:42.648583,TRADE,6052.5,2
2024-12-01 23:01:42.648895,TRADE,6052.5,3
2024-12-01 23:01:42.649205,TRADE,6052.5,1
2024-12-01 23:01:42.652118,TRADE,6052.75,1
2024-12-01 23:01:44.459968,TRADE,6052.25,1
2024-12-01 23:01:45.244562,TRADE,6052.25,1
2024-12-01 23:01:45.248402,TRADE,6052.5,1
2024-12-01 23:01:46.899841,TRADE,6052.25,2
2024-12-01 23:01:46.900176,TRADE,6052.25,7
2024-12-01 23:01:46.900375,TRADE,6052.25,3
2024-12-01 23:01:46.902996,TRADE,6052.25,2
2024-12-01 23:01:46.903348,TRADE,6052.25,3
2024-12-01 23:01:46.904416,TRADE,6052.25,2
2024-12-01 23:01:46.908634,TRADE,6052.25,2
2024-12-01 23:01:46.911561,TRADE,6052.5,1
2024-12-01 23:01:48.383249,TRADE,6052.25,2
2024-12-01 23:01:48.383503,TRADE,6052.25,1
2024-12-01 23:01:48.383790,TRADE,6052.25,1
2024-12-01 23:01:48.384105,TRADE,6052.25,1
2024-12-01 23:01:48.386770,TRADE,6052.5,1
2024-12-01 23:01:48.453004,TRADE,6052.25,2
2024-12-01 23:01:48.453119,TRADE,6052.25,1
2024-12-01 23:01:48.453255,TRADE,6052.25,1
2024-12-01 23:01:48.456544,TRADE,6052.5,1
2024-12-01 23:01:49.027088,TRADE,6052.5,1
2024-12-01 23:01:49.828031,TRADE,6052.25,1
2024-12-01 23:01:50.313141,TRADE,6052.25,1
2024-12-01 23:01:50.313532,TRADE,6052.25,1
2024-12-01 23:01:50.313751,TRADE,6052.25,1
2024-12-01 23:01:50.313926,TRADE,6052.25,1
2024-12-01 23:01:50.314462,TRADE,6052.0,1
2024-12-01 23:01:50.314810,TRADE,6052.0,1
2024-12-01 23:01:50.315177,TRADE,6052.0,1
2024-12-01 23:01:50.317513,TRADE,6052.25,1
2024-12-01 23:01:51.655352,TRADE,6052.25,1
2024-12-01 23:01:52.648832,TRADE,6052.0,1
2024-12-01 23:01:52.649744,TRADE,6052.0,11
2024-12-01 23:01:52.650584,TRADE,6051.75,2
2024-12-01 23:01:52.650857,TRADE,6051.75,10
2024-12-01 23:01:52.651116,TRADE,6051.75,1
2024-12-01 23:01:52.652485,TRADE,6052.0,1
2024-12-01 23:01:52.655534,TRADE,6052.0,4
2024-12-01 23:01:52.656462,TRADE,6052.0,1
2024-12-01 23:01:52.656788,TRADE,6052.0,2
2024-12-01 23:01:52.675898,TRADE,6052.0,1
2024-12-01 23:01:52.892950,TRADE,6052.0,2
2024-12-01 23:01:52.893753,TRADE,6052.0,1
2024-12-01 23:01:52.894137,TRADE,6052.0,1
2024-12-01 23:01:52.896575,TRADE,6052.0,1
2024-12-01 23:01:53.010171,TRADE,6052.0,1
2024-12-01 23:01:54.236930,TRADE,6051.75,1
2024-12-01 23:01:55.184309,TRADE,6052.0,2
2024-12-01 23:01:55.184469,TRADE,6052.0,1
2024-12-01 23:01:55.184719,TRADE,6052.0,1
2024-12-01 23:01:55.185170,TRADE,6052.0,4
2024-12-01 23:01:55.188412,TRADE,6052.25,2
2024-12-01 23:01:55.924808,TRADE,6052.0,3
2024-12-01 23:01:56.008286,TRADE,6052.0,2
2024-12-01 23:01:56.011197,TRADE,6052.25,1
2024-12-01 23:01:56.011551,TRADE,6052.25,2
2024-12-01 23:01:56.011646,TRADE,6052.25,2
2024-12-01 23:01:56.012116,TRADE,6052.25,1
2024-12-01 23:01:56.012457,TRADE,6052.25,2
2024-12-01 23:01:56.014636,TRADE,6052.5,1
2024-12-01 23:01:57.866111,TRADE,6052.25,1
2024-12-01 23:01:57.866758,TRADE,6052.25,1
2024-12-01 23:01:59.040634,TRADE,6052.25,4
2024-12-01 23:01:59.043827,TRADE,6052.25,1
2024-12-01 23:02:00.050821,TRADE,6052.25,5
2024-12-01 23:02:00.054351,TRADE,6052.25,1
2024-12-01 23:02:00.958990,TRADE,6052.25,5
2024-12-01 23:02:00.961355,TRADE,6052.5,2
2024-12-01 23:02:00.964442,TRADE,6052.75,1
2024-12-01 23:02:01.495395,TRADE,6052.75,2
2024-12-01 23:02:01.916814,TRADE,6052.25,1
2024-12-01 23:02:01.920592,TRADE,6052.75,1
2024-12-01 23:02:02.354566,TRADE,6052.25,3
2024-12-01 23:02:03.459612,TRADE,6052.25,2
2024-12-01 23:02:03.471202,TRADE,6052.25,2
2024-12-01 23:02:03.471303,TRADE,6052.25,1
2024-12-01 23:02:03.471591,TRADE,6052.25,1
2024-12-01 23:02:03.471748,TRADE,6052.25,1
2024-12-01 23:02:03.472009,TRADE,6052.25,1
2024-12-01 23:02:03.474467,TRADE,6052.5,1
2024-12-01 23:02:03.475207,TRADE,6052.5,3
2024-12-01 23:02:03.477569,TRADE,6052.75,1
2024-12-01 23:02:03.995959,TRADE,6052.75,1
2024-12-01 23:02:04.161164,TRADE,6052.25,1
2024-12-01 23:02:05.038080,TRADE,6052.25,2
2024-12-01 23:02:05.038341,TRADE,6052.25,1
2024-12-01 23:02:05.038744,TRADE,6052.25,8
2024-12-01 23:02:05.041509,TRADE,6052.25,1
2024-12-01 23:02:05.044420,TRADE,6052.25,1
2024-12-01 23:02:05.324609,TRADE,6052.25,1
2024-12-01 23:02:05.328525,TRADE,6052.5,1
2024-12-01 23:02:05.329520,TRADE,6052.5,1
2024-12-01 23:02:05.662755,TRADE,6052.25,1
2024-12-01 23:02:06.337555,TRADE,6052.75,5
2024-12-01 23:02:06.341200,TRADE,6052.75,1
2024-12-01 23:02:07.353047,TRADE,6052.5,2
2024-12-01 23:02:07.353105,TRADE,6052.5,1
2024-12-01 23:02:07.353449,TRADE,6052.5,1
2024-12-01 23:02:07.353831,TRADE,6052.5,1
2024-12-01 23:02:07.417681,TRADE,6052.75,1
2024-12-01 23:02:08.572684,TRADE,6052.5,1
2024-12-01 23:02:08.573129,TRADE,6052.5,1
2024-12-01 23:02:08.573274,TRADE,6052.5,1
2024-12-01 23:02:08.607483,TRADE,6052.5,1
2024-12-01 23:02:11.640182,TRADE,6052.25,22
2024-12-01 23:02:11.640311,TRADE,6052.25,3
2024-12-01 23:02:11.641336,TRADE,6052.25,1
2024-12-01 23:02:12.697057,TRADE,6052.25,1
2024-12-01 23:02:12.697365,TRADE,6052.25,1
2024-12-01 23:02:12.697634,TRADE,6052.25,1
2024-12-01 23:02:12.698057,TRADE,6052.25,1
2024-12-01 23:02:12.830522,TRADE,6052.25,3
2024-12-01 23:02:14.045874,TRADE,6052.25,5
2024-12-01 23:02:14.323427,TRADE,6052.0,1
2024-12-01 23:02:14.402436,TRADE,6052.0,2
2024-12-01 23:02:14.402660,TRADE,6052.0,1
2024-12-01 23:02:14.403176,TRADE,6052.0,17
2024-12-01 23:02:14.404699,TRADE,6052.0,3
2024-12-01 23:02:14.405060,TRADE,6052.0,2
2024-12-01 23:02:18.187397,TRADE,6052.0,7
2024-12-01 23:02:18.187782,TRADE,6052.0,1
2024-12-01 23:02:18.187930,TRADE,6052.0,1
2024-12-01 23:02:18.188161,TRADE,6052.0,1
2024-12-01 23:02:18.190624,TRADE,6052.25,11
2024-12-01 23:02:18.190923,TRADE,6052.25,1
2024-12-01 23:02:18.247302,TRADE,6052.25,2
2024-12-01 23:02:18.247691,TRADE,6052.25,5
2024-12-01 23:02:18.247868,TRADE,6052.25,2
2024-12-01 23:02:18.248078,TRADE,6052.25,5
2024-12-01 23:02:18.248315,TRADE,6052.25,5
2024-12-01 23:02:18.248561,TRADE,6052.25,5
2024-12-01 23:02:18.248775,TRADE,6052.25,5
2024-12-01 23:02:18.248920,TRADE,6052.25,1
2024-12-01 23:02:18.249023,TRADE,6052.25,1
2024-12-01 23:02:18.249252,TRADE,6052.25,3
2024-12-01 23:02:18.249420,TRADE,6052.25,2
2024-12-01 23:02:18.249583,TRADE,6052.25,2
2024-12-01 23:02:18.250349,TRADE,6052.25,1
2024-12-01 23:02:18.253338,TRADE,6052.25,6
2024-12-01 23:02:18.253687,TRADE,6052.25,2
2024-12-01 23:02:18.253799,TRADE,6052.25,1
2024-12-01 23:02:18.254422,TRADE,6052.5,3
2024-12-01 23:02:18.254996,TRADE,6052.5,2
2024-12-01 23:02:18.255113,TRADE,6052.5,1
2024-12-01 23:02:18.255453,TRADE,6052.5,1
2024-12-01 23:02:18.255778,TRADE,6052.5,1
2024-12-01 23:02:18.257114,TRADE,6052.75,1
2024-12-01 23:02:18.259762,TRADE,6052.75,1
2024-12-01 23:02:18.371979,TRADE,6052.5,1
2024-12-01 23:02:18.405400,TRADE,6052.5,1
2024-12-01 23:02:18.414667,TRADE,6052.5,1
2024-12-01 23:02:19.939958,TRADE,6052.5,2
2024-12-01 23:02:19.943134,TRADE,6052.75,1
2024-12-01 23:02:20.033720,TRADE,6052.5,2
2024-12-01 23:02:20.034118,TRADE,6052.5,1
2024-12-01 23:02:20.353007,TRADE,6052.5,1
2024-12-01 23:02:20.353108,TRADE,6052.5,1
2024-12-01 23:02:20.353292,TRADE,6052.25,1
2024-12-01 23:02:20.353422,TRADE,6052.5,1
2024-12-01 23:02:20.946914,TRADE,6052.5,3
2024-12-01 23:02:21.353118,TRADE,6052.25,19
2024-12-01 23:02:22.458265,TRADE,6052.0,1
2024-12-01 23:02:23.586893,TRADE,6052.0,4
2024-12-01 23:02:23.766059,TRADE,6052.0,1
2024-12-01 23:02:23.766204,TRADE,6052.0,4
2024-12-01 23:02:25.558975,TRADE,6052.25,1
2024-12-01 23:02:25.602345,TRADE,6052.5,1
2024-12-01 23:02:25.602636,TRADE,6052.5,1
2024-12-01 23:02:25.952813,TRADE,6052.25,2
2024-12-01 23:02:25.954076,TRADE,6052.25,1
2024-12-01 23:02:25.954564,TRADE,6052.25,1
2024-12-01 23:02:27.806043,TRADE,6052.25,2
2024-12-01 23:02:27.806399,TRADE,6052.25,1
2024-12-01 23:02:27.806686,TRADE,6052.25,1
2024-12-01 23:02:28.353148,TRADE,6052.25,1
2024-12-01 23:02:28.705682,TRADE,6052.25,1
2024-12-01 23:02:29.336358,TRADE,6052.5,7
2024-12-01 23:02:29.336743,TRADE,6052.5,1
2024-12-01 23:02:29.339537,TRADE,6052.25,1
2024-12-01 23:02:29.339732,TRADE,6052.5,1
2024-12-01 23:02:29.667845,TRADE,6052.5,4
2024-12-01 23:02:29.774434,TRADE,6052.25,2
2024-12-01 23:02:29.777944,TRADE,6052.5,1
2024-12-01 23:02:30.180540,TRADE,6052.25,1
2024-12-01 23:02:30.368932,TRADE,6052.25,1
2024-12-01 23:02:30.369219,TRADE,6052.25,1
2024-12-01 23:02:30.369375,TRADE,6052.25,1
2024-12-01 23:02:30.369527,TRADE,6052.25,1
2024-12-01 23:02:30.372535,TRADE,6052.5,1
2024-12-01 23:02:34.651038,TRADE,6052.5,8
2024-12-01 23:02:34.655474,TRADE,6052.75,1
2024-12-01 23:02:35.866350,TRADE,6052.5,1
2024-12-01 23:02:35.866738,TRADE,6052.5,2
2024-12-01 23:02:35.867172,TRADE,6052.5,1
2024-12-01 23:02:35.870633,TRADE,6052.75,1
2024-12-01 23:02:37.138270,TRADE,6052.25,1
2024-12-01 23:02:37.504331,TRADE,6052.25,16
2024-12-01 23:02:37.504331,TRADE,6052.0,9
2024-12-01 23:02:37.504766,TRADE,6052.25,2
2024-12-01 23:02:37.505529,TRADE,6052.25,1
2024-12-01 23:02:37.507701,TRADE,6052.5,2
2024-12-01 23:02:37.510630,TRADE,6052.5,1
2024-12-01 23:02:37.513263,TRADE,6052.5,1
2024-12-01 23:02:40.049421,TRADE,6052.5,2
2024-12-01 23:02:45.922366,TRADE,6052.5,2
2024-12-01 23:02:45.926016,TRADE,6052.5,1
2024-12-01 23:02:47.012705,TRADE,6052.5,4
2024-12-01 23:02:47.012705,TRADE,6052.75,6
2024-12-01 23:02:47.012941,TRADE,6052.75,1
2024-12-01 23:02:47.013472,TRADE,6052.5,4
2024-12-01 23:02:47.016807,TRADE,6052.5,2
2024-12-01 23:02:47.017084,TRADE,6052.5,1
2024-12-01 23:02:47.532036,TRADE,6052.25,1
2024-12-01 23:02:47.535432,TRADE,6052.5,1
2024-12-01 23:02:48.172241,TRADE,6052.5,1
2024-12-01 23:02:48.389647,TRADE,6052.5,2
2024-12-01 23:02:48.389724,TRADE,6052.5,1
2024-12-01 23:02:48.389867,TRADE,6052.5,1
2024-12-01 23:02:48.390292,TRADE,6052.5,1
2024-12-01 23:02:48.390559,TRADE,6052.5,1
2024-12-01 23:02:48.394352,TRADE,6052.75,1
2024-12-01 23:02:48.611225,TRADE,6052.5,1
2024-12-01 23:02:50.180054,TRADE,6052.25,2
2024-12-01 23:02:50.180396,TRADE,6052.25,6
2024-12-01 23:02:50.181404,TRADE,6052.25,1
2024-12-01 23:02:50.183829,TRADE,6052.5,1
2024-12-01 23:02:50.186945,TRADE,6052.5,1
2024-12-01 23:02:51.905205,TRADE,6052.0,18
2024-12-01 23:02:51.905516,TRADE,6052.0,1
2024-12-01 23:02:51.905881,TRADE,6052.0,1
2024-12-01 23:02:51.908407,TRADE,6052.0,1
2024-12-01 23:02:51.911271,TRADE,6052.0,1
2024-12-01 23:02:51.973417,TRADE,6052.0,1
2024-12-01 23:02:55.587483,TRADE,6052.25,1
2024-12-01 23:02:55.596188,TRADE,6052.0,1
2024-12-01 23:02:55.596630,TRADE,6052.0,8
2024-12-01 23:02:55.600619,TRADE,6052.0,2
2024-12-01 23:02:57.197210,TRADE,6051.75,1
2024-12-01 23:02:57.197328,TRADE,6051.75,4
2024-12-01 23:02:57.197626,TRADE,6051.75,1
2024-12-01 23:02:57.198014,TRADE,6051.75,12
2024-12-01 23:02:57.201271,TRADE,6051.75,1
2024-12-01 23:02:57.201864,TRADE,6051.75,3
2024-12-01 23:02:57.204367,TRADE,6052.0,1
2024-12-01 23:02:57.207090,TRADE,6052.0,1
2024-12-01 23:02:59.244868,TRADE,6051.75,1
2024-12-01 23:03:00.242817,TRADE,6051.75,1
2024-12-01 23:03:01.791357,TRADE,6052.0,3
2024-12-01 23:03:01.791625,TRADE,6052.0,1
2024-12-01 23:03:01.794822,TRADE,6052.0,1
2024-12-01 23:03:01.795625,TRADE,6052.0,2
2024-12-01 23:03:01.795932,TRADE,6052.0,1
2024-12-01 23:03:01.796225,TRADE,6052.0,1
2024-12-01 23:03:01.797291,TRADE,6052.0,2
2024-12-01 23:03:01.798671,TRADE,6052.0,1
2024-12-01 23:03:02.677332,TRADE,6052.0,1
2024-12-01 23:03:03.133332,TRADE,6052.0,1
2024-12-01 23:03:03.170218,TRADE,6051.75,1
2024-12-01 23:03:03.174037,TRADE,6052.0,1
2024-12-01 23:03:04.230416,TRADE,6051.75,8
2024-12-01 23:03:04.230615,TRADE,6051.75,2
2024-12-01 23:03:04.233686,TRADE,6052.0,1
2024-12-01 23:03:04.256616,TRADE,6052.0,8
2024-12-01 23:03:04.256980,TRADE,6052.0,1
2024-12-01 23:03:04.260355,TRADE,6052.25,2
2024-12-01 23:03:06.234760,TRADE,6052.25,5
2024-12-01 23:03:06.235046,TRADE,6052.25,9
2024-12-01 23:03:06.235454,TRADE,6052.25,35
2024-12-01 23:03:06.235634,TRADE,6052.25,5
2024-12-01 23:03:06.238321,TRADE,6052.5,1
2024-12-01 23:03:06.241413,TRADE,6052.5,4
2024-12-01 23:03:06.445204,TRADE,6052.25,1
2024-12-01 23:03:06.485153,TRADE,6052.0,4
2024-12-01 23:03:06.485511,TRADE,6052.0,5
2024-12-01 23:03:06.488735,TRADE,6052.25,1
2024-12-01 23:03:06.491466,TRADE,6052.25,1
2024-12-01 23:03:06.900775,TRADE,6052.25,1
2024-12-01 23:03:08.715275,TRADE,6052.0,1
2024-12-01 23:03:08.715432,TRADE,6052.0,4
2024-12-01 23:03:08.715504,TRADE,6052.0,1
2024-12-01 23:03:08.715655,TRADE,6052.0,1
2024-12-01 23:03:08.715951,TRADE,6052.0,1
2024-12-01 23:03:08.719419,TRADE,6052.25,1
2024-12-01 23:03:10.102071,TRADE,6052.0,5
2024-12-01 23:03:10.105826,TRADE,6052.0,1
2024-12-01 23:03:10.649214,TRADE,6052.0,1
2024-12-01 23:03:10.649579,TRADE,6052.0,6
2024-12-01 23:03:10.652951,TRADE,6052.25,2
2024-12-01 23:03:10.742543,TRADE,6052.0,3
2024-12-01 23:03:10.812454,TRADE,6052.0,1
2024-12-01 23:03:10.817020,TRADE,6052.0,1
2024-12-01 23:03:12.563989,TRADE,6051.75,1
2024-12-01 23:03:12.564430,TRADE,6051.75,7
2024-12-01 23:03:12.568148,TRADE,6051.75,1
2024-12-01 23:03:12.568440,TRADE,6051.75,1
2024-12-01 23:03:12.571222,TRADE,6051.75,1
2024-12-01 23:03:12.900223,TRADE,6051.75,1
2024-12-01 23:03:12.900610,TRADE,6051.75,1
2024-12-01 23:03:13.047653,TRADE,6052.0,1
2024-12-01 23:03:13.050834,TRADE,6052.0,1
2024-12-01 23:03:13.051413,TRADE,6051.75,4
2024-12-01 23:03:13.285356,TRADE,6051.5,1
2024-12-01 23:03:13.752570,TRADE,6051.75,1
2024-12-01 23:03:13.752570,TRADE,6052.0,6
2024-12-01 23:03:13.756040,TRADE,6052.0,1
2024-12-01 23:03:13.758795,TRADE,6052.0,1
2024-12-01 23:03:13.939007,TRADE,6052.0,1
2024-12-01 23:03:13.939261,TRADE,6052.0,1
2024-12-01 23:03:13.939771,TRADE,6052.0,2
2024-12-01 23:03:13.941834,TRADE,6052.0,2
2024-12-01 23:03:13.944341,TRADE,6052.0,1
2024-12-01 23:03:14.111588,TRADE,6052.0,2
2024-12-01 23:03:14.491887,TRADE,6052.0,1
2024-12-01 23:03:14.492744,TRADE,6052.0,3
2024-12-01 23:03:14.493029,TRADE,6052.0,1
2024-12-01 23:03:14.495740,TRADE,6052.0,1
2024-12-01 23:03:14.814381,TRADE,6052.0,1
2024-12-01 23:03:15.579358,TRADE,6052.25,1
2024-12-01 23:03:15.579686,TRADE,6052.25,5
2024-12-01 23:03:15.580777,TRADE,6052.25,3
2024-12-01 23:03:17.080076,TRADE,6052.0,12
2024-12-01 23:03:17.080794,TRADE,6052.0,1
2024-12-01 23:03:22.104414,TRADE,6051.75,13
2024-12-01 23:03:23.505148,TRADE,6052.0,5
2024-12-01 23:03:23.505630,TRADE,6051.75,1
2024-12-01 23:03:23.506049,TRADE,6051.75,1
2024-12-01 23:03:23.508431,TRADE,6051.75,1
2024-12-01 23:03:23.508863,TRADE,6051.75,1
2024-12-01 23:03:23.865768,TRADE,6051.75,1
2024-12-01 23:03:23.866167,TRADE,6051.75,3
2024-12-01 23:03:23.869750,TRADE,6052.0,1
2024-12-01 23:03:26.427916,TRADE,6051.75,1
2024-12-01 23:03:26.428252,TRADE,6051.75,3
2024-12-01 23:03:26.428381,TRADE,6051.75,8
2024-12-01 23:03:26.429487,TRADE,6051.75,1
2024-12-01 23:03:26.433769,TRADE,6052.0,2
2024-12-01 23:03:29.372399,TRADE,6051.75,4
2024-12-01 23:03:29.373062,TRADE,6051.75,1
2024-12-01 23:03:29.373381,TRADE,6051.75,1
2024-12-01 23:03:29.373534,TRADE,6051.75,1
2024-12-01 23:03:29.373656,TRADE,6051.75,1
2024-12-01 23:03:29.377264,TRADE,6052.0,1
2024-12-01 23:03:30.502250,TRADE,6051.75,4
2024-12-01 23:03:30.506695,TRADE,6051.75,1
2024-12-01 23:03:30.619290,TRADE,6052.0,1
2024-12-01 23:03:30.945206,TRADE,6051.75,2
2024-12-01 23:03:30.948808,TRADE,6051.75,1
2024-12-01 23:03:31.277674,TRADE,6051.75,3
2024-12-01 23:03:31.278081,TRADE,6051.75,1
2024-12-01 23:03:31.278371,TRADE,6051.75,1
2024-12-01 23:03:31.278480,TRADE,6051.75,1
2024-12-01 23:03:31.459444,TRADE,6051.5,2
2024-12-01 23:03:31.463213,TRADE,6051.75,1
2024-12-01 23:03:33.469492,TRADE,6051.75,1
2024-12-01 23:03:33.728967,TRADE,6051.75,1
2024-12-01 23:03:34.363666,TRADE,6051.75,2
2024-12-01 23:03:34.367638,TRADE,6051.75,1
2024-12-01 23:03:34.766511,TRADE,6051.75,2
2024-12-01 23:03:36.973842,TRADE,6051.75,2
2024-12-01 23:03:36.974163,TRADE,6051.75,2
2024-12-01 23:03:36.975208,TRADE,6051.75,1
2024-12-01 23:03:36.978152,TRADE,6052.0,1
2024-12-01 23:03:37.257036,TRADE,6051.75,1
2024-12-01 23:03:37.257036,TRADE,6051.5,30
2024-12-01 23:03:37.257537,TRADE,6051.5,1
2024-12-01 23:03:37.258356,TRADE,6051.25,1
2024-12-01 23:03:37.258466,TRADE,6051.25,1
2024-12-01 23:03:37.258466,TRADE,6051.25,1
2024-12-01 23:03:37.258638,TRADE,6051.25,1
2024-12-01 23:03:37.258916,TRADE,6051.25,1
2024-12-01 23:03:37.259016,TRADE,6051.25,1
2024-12-01 23:03:37.259168,TRADE,6051.25,1
2024-12-01 23:03:37.259265,TRADE,6051.25,1
2024-12-01 23:03:37.259370,TRADE,6051.25,1
2024-12-01 23:03:37.259458,TRADE,6051.25,1
2024-12-01 23:03:37.259824,TRADE,6051.25,1
2024-12-01 23:03:37.261205,TRADE,6051.5,2
2024-12-01 23:03:37.263981,TRADE,6051.5,2
2024-12-01 23:03:37.283944,TRADE,6051.25,3
2024-12-01 23:03:37.286437,TRADE,6051.5,1
2024-12-01 23:03:38.586658,TRADE,6051.5,5
2024-12-01 23:03:38.586964,TRADE,6051.5,1
2024-12-01 23:03:38.587217,TRADE,6051.5,6
2024-12-01 23:03:38.587524,TRADE,6051.5,28
2024-12-01 23:03:38.591039,TRADE,6051.75,3
2024-12-01 23:03:38.591320,TRADE,6051.75,1
2024-12-01 23:03:38.591413,TRADE,6051.75,1
2024-12-01 23:03:38.591787,TRADE,6051.75,1
2024-12-01 23:03:38.592136,TRADE,6051.75,1
2024-12-01 23:03:38.592423,TRADE,6051.75,1
2024-12-01 23:03:38.592564,TRADE,6051.75,1
2024-12-01 23:03:38.593947,TRADE,6051.75,1
2024-12-01 23:03:38.767820,TRADE,6051.75,2
2024-12-01 23:03:38.770930,TRADE,6052.0,1
2024-12-01 23:03:40.242698,TRADE,6051.5,1
2024-12-01 23:03:40.243025,TRADE,6051.5,1
2024-12-01 23:03:40.943612,TRADE,6051.75,4
2024-12-01 23:03:40.947315,TRADE,6051.75,1
2024-12-01 23:03:46.965878,TRADE,6051.5,1
2024-12-01 23:03:46.966189,TRADE,6051.5,1
2024-12-01 23:03:46.966509,TRADE,6051.5,3
2024-12-01 23:03:46.966905,TRADE,6051.5,3
2024-12-01 23:03:46.969944,TRADE,6051.5,1
2024-12-01 23:03:46.970254,TRADE,6051.5,1
2024-12-01 23:03:49.494815,TRADE,6051.5,1
2024-12-01 23:03:49.498315,TRADE,6051.5,1
2024-12-01 23:03:50.997452,TRADE,6051.5,2
2024-12-01 23:03:51.771622,TRADE,6051.25,3
2024-12-01 23:03:51.771862,TRADE,6051.25,1
2024-12-01 23:03:51.771981,TRADE,6051.25,1
2024-12-01 23:03:51.774633,TRADE,6051.5,1
2024-12-01 23:03:53.857520,TRADE,6051.5,7
2024-12-01 23:03:53.858095,TRADE,6051.5,3
2024-12-01 23:03:53.858448,TRADE,6051.5,3
2024-12-01 23:03:53.861375,TRADE,6051.75,1
2024-12-01 23:03:53.864208,TRADE,6051.75,1
2024-12-01 23:03:57.012339,TRADE,6051.75,1
2024-12-01 23:03:58.349133,TRADE,6051.5,2
2024-12-01 23:03:58.349234,TRADE,6051.5,1
2024-12-01 23:03:58.349353,TRADE,6051.5,1
2024-12-01 23:03:58.349477,TRADE,6051.5,2
2024-12-01 23:03:58.349588,TRADE,6051.5,2
2024-12-01 23:03:58.349751,TRADE,6051.5,1
2024-12-01 23:03:58.353983,TRADE,6051.75,1
2024-12-01 23:03:58.357485,TRADE,6051.75,1
2024-12-01 23:04:00.913787,TRADE,6051.5,2
2024-12-01 23:04:00.914157,TRADE,6051.5,5
2024-12-01 23:04:00.914939,TRADE,6051.25,3
2024-12-01 23:04:00.915227,TRADE,6051.25,1
2024-12-01 23:04:00.917717,TRADE,6051.25,1
2024-12-01 23:04:00.918035,TRADE,6051.25,2
2024-12-01 23:04:00.918310,TRADE,6051.25,1
2024-12-01 23:04:00.920492,TRADE,6051.5,1
2024-12-01 23:04:02.499541,TRADE,6051.25,1
2024-12-01 23:04:02.499800,TRADE,6051.25,1
2024-12-01 23:04:02.500176,TRADE,6051.25,2
2024-12-01 23:04:02.500481,TRADE,6051.25,1
2024-12-01 23:04:02.500939,TRADE,6051.25,1
2024-12-01 23:04:02.503737,TRADE,6051.5,1
2024-12-01 23:04:06.367967,TRADE,6051.25,3
2024-12-01 23:04:06.371963,TRADE,6051.25,1
2024-12-01 23:04:06.372263,TRADE,6051.25,1
2024-12-01 23:04:09.298024,TRADE,6051.25,3
2024-12-01 23:04:09.702092,TRADE,6051.0,5
2024-12-01 23:04:09.702102,TRADE,6051.0,1
2024-12-01 23:04:09.739340,TRADE,6051.25,2
2024-12-01 23:04:09.739684,TRADE,6051.25,1
2024-12-01 23:04:10.910782,TRADE,6051.25,2
2024-12-01 23:04:10.911111,TRADE,6051.25,1
2024-12-01 23:04:10.932346,TRADE,6051.25,1
2024-12-01 23:04:11.919407,TRADE,6051.0,2
2024-12-01 23:04:12.775298,TRADE,6051.5,1
2024-12-01 23:04:13.471478,TRADE,6051.25,1
2024-12-01 23:04:13.967912,TRADE,6051.25,3
2024-12-01 23:04:13.967912,TRADE,6051.0,2
2024-12-01 23:04:13.968432,TRADE,6051.25,1
2024-12-01 23:04:13.968996,TRADE,6051.25,1
2024-12-01 23:04:13.969293,TRADE,6051.25,1
2024-12-01 23:04:13.972492,TRADE,6051.25,1
2024-12-01 23:04:14.688897,TRADE,6051.5,5
2024-12-01 23:04:16.543342,TRADE,6051.5,1
2024-12-01 23:04:16.543623,TRADE,6051.5,3
2024-12-01 23:04:16.546723,TRADE,6051.5,1
2024-12-01 23:04:16.547025,TRADE,6051.5,2
2024-12-01 23:04:16.547526,TRADE,6051.5,1
2024-12-01 23:04:16.547695,TRADE,6051.5,1
2024-12-01 23:04:16.547986,TRADE,6051.5,1
2024-12-01 23:04:16.550294,TRADE,6051.5,1
2024-12-01 23:04:16.568735,TRADE,6051.5,1
2024-12-01 23:04:17.537516,TRADE,6051.5,1
2024-12-01 23:04:18.417640,TRADE,6051.5,1
2024-12-01 23:04:20.370046,TRADE,6051.5,1
2024-12-01 23:04:20.370175,TRADE,6051.5,1
2024-12-01 23:04:20.370470,TRADE,6051.5,1
2024-12-01 23:04:20.373470,TRADE,6051.75,1
2024-12-01 23:04:20.912411,TRADE,6051.5,2
2024-12-01 23:04:20.912714,TRADE,6051.5,1
2024-12-01 23:04:20.913070,TRADE,6051.5,1
2024-12-01 23:04:20.913350,TRADE,6051.5,1
2024-12-01 23:04:20.913478,TRADE,6051.5,1
2024-12-01 23:04:20.916486,TRADE,6051.75,1
2024-12-01 23:04:20.927344,TRADE,6051.75,1
2024-12-01 23:04:20.927465,TRADE,6051.75,1
2024-12-01 23:04:20.927574,TRADE,6051.75,1
2024-12-01 23:04:20.927755,TRADE,6051.75,2
2024-12-01 23:04:20.928134,TRADE,6051.75,1
2024-12-01 23:04:20.930108,TRADE,6051.75,1
2024-12-01 23:04:20.930420,TRADE,6051.75,2
2024-12-01 23:04:20.950561,TRADE,6051.75,1
2024-12-01 23:04:20.950843,TRADE,6051.75,1
2024-12-01 23:04:20.953099,TRADE,6052.0,1
2024-12-01 23:04:23.178798,TRADE,6052.0,1
2024-12-01 23:04:23.672327,TRADE,6052.0,1
2024-12-01 23:04:24.269843,TRADE,6052.0,1
2024-12-01 23:04:24.270207,TRADE,6052.0,1
2024-12-01 23:04:24.270476,TRADE,6052.0,1
2024-12-01 23:04:24.270670,TRADE,6052.0,8
2024-12-01 23:04:24.270947,TRADE,6052.0,2
2024-12-01 23:04:24.271146,TRADE,6052.0,1
2024-12-01 23:04:24.273756,TRADE,6052.0,1
2024-12-01 23:04:24.273756,TRADE,6052.25,2
2024-12-01 23:04:24.274180,TRADE,6052.0,1
2024-12-01 23:04:24.274490,TRADE,6052.0,3
2024-12-01 23:04:24.318906,TRADE,6052.0,1
2024-12-01 23:04:24.322311,TRADE,6052.0,1
2024-12-01 23:04:27.013708,TRADE,6052.0,1
2024-12-01 23:04:30.202962,TRADE,6052.0,1
2024-12-01 23:04:30.203049,TRADE,6052.0,1
2024-12-01 23:04:30.203231,TRADE,6052.0,1
2024-12-01 23:04:32.431393,TRADE,6051.75,2
2024-12-01 23:04:32.431857,TRADE,6051.75,4
2024-12-01 23:04:32.432344,TRADE,6051.75,1
2024-12-01 23:04:32.432442,TRADE,6051.75,1
2024-12-01 23:04:32.435428,TRADE,6052.0,1
2024-12-01 23:04:32.438279,TRADE,6052.0,1
2024-12-01 23:04:33.582516,TRADE,6051.75,6
2024-12-01 23:04:33.585225,TRADE,6051.75,1
2024-12-01 23:04:33.718181,TRADE,6051.5,4
2024-12-01 23:04:33.720390,TRADE,6051.25,2
2024-12-01 23:04:33.720589,TRADE,6051.25,1
2024-12-01 23:04:33.721860,TRADE,6051.5,1
2024-12-01 23:04:33.723146,TRADE,6051.25,1
2024-12-01 23:04:36.274397,TRADE,6051.5,1
2024-12-01 23:04:37.257463,TRADE,6051.5,1
2024-12-01 23:04:37.260475,TRADE,6051.75,1
2024-12-01 23:04:40.011235,TRADE,6051.75,2
2024-12-01 23:04:40.012350,TRADE,6051.75,1
2024-12-01 23:04:40.012467,TRADE,6051.75,1
2024-12-01 23:04:43.010637,TRADE,6051.75,1
2024-12-01 23:04:43.010907,TRADE,6051.75,1
2024-12-01 23:04:43.013817,TRADE,6052.0,1
2024-12-01 23:04:49.439369,TRADE,6051.75,1
2024-12-01 23:04:54.796257,TRADE,6051.75,1
2024-12-01 23:04:57.011472,TRADE,6051.75,1
2024-12-01 23:05:00.246185,TRADE,6051.75,4
2024-12-01 23:05:00.249367,TRADE,6051.75,1
2024-12-01 23:05:00.287410,TRADE,6051.5,3
2024-12-01 23:05:00.287677,TRADE,6051.5,1
2024-12-01 23:05:00.288005,TRADE,6051.5,16
2024-12-01 23:05:00.290539,TRADE,6051.5,2
2024-12-01 23:05:00.290821,TRADE,6051.5,1
2024-12-01 23:05:00.291146,TRADE,6051.5,1
2024-12-01 23:05:00.293889,TRADE,6051.75,1
2024-12-01 23:05:00.314289,TRADE,6051.5,2
2024-12-01 23:05:00.320600,TRADE,6051.5,1
2024-12-01 23:05:00.325121,TRADE,6051.25,6
2024-12-01 23:05:00.325509,TRADE,6051.25,2
2024-12-01 23:05:00.325976,TRADE,6051.25,1
2024-12-01 23:05:00.326166,TRADE,6051.5,1
2024-12-01 23:05:00.327690,TRADE,6051.75,1
2024-12-01 23:05:00.330326,TRADE,6051.75,1
2024-12-01 23:05:00.344990,TRADE,6051.5,1
2024-12-01 23:05:00.662705,TRADE,6051.5,4
2024-12-01 23:05:00.663233,TRADE,6051.5,1
2024-12-01 23:05:00.663347,TRADE,6051.5,1
2024-12-01 23:05:00.715186,TRADE,6051.5,1
2024-12-01 23:05:00.910028,TRADE,6051.5,2
2024-12-01 23:05:01.033747,TRADE,6051.25,9
2024-12-01 23:05:01.033937,TRADE,6051.25,1
2024-12-01 23:05:01.034038,TRADE,6051.25,1
2024-12-01 23:05:01.034262,TRADE,6051.25,1
2024-12-01 23:05:01.034504,TRADE,6051.25,1
2024-12-01 23:05:01.034684,TRADE,6051.25,1
2024-12-01 23:05:01.062856,TRADE,6051.25,2
2024-12-01 23:05:01.468410,TRADE,6051.0,1
2024-12-01 23:05:01.468682,TRADE,6051.0,4
2024-12-01 23:05:01.469086,TRADE,6051.0,18
2024-12-01 23:05:01.470322,TRADE,6051.0,2
2024-12-01 23:05:01.470615,TRADE,6051.0,4
2024-12-01 23:05:01.471048,TRADE,6051.0,1
2024-12-01 23:05:01.471422,TRADE,6051.0,1
2024-12-01 23:05:01.494807,TRADE,6051.0,4
2024-12-01 23:05:01.495093,TRADE,6051.0,1
2024-12-01 23:05:01.496323,TRADE,6051.0,1
2024-12-01 23:05:02.552493,TRADE,6050.75,1
2024-12-01 23:05:02.552505,TRADE,6050.75,1
2024-12-01 23:05:02.552505,TRADE,6050.75,1
2024-12-01 23:05:02.552505,TRADE,6050.75,2
2024-12-01 23:05:02.794438,TRADE,6050.75,4
2024-12-01 23:05:02.909601,TRADE,6050.75,4
2024-12-01 23:05:02.910057,TRADE,6050.75,1
2024-12-01 23:05:02.910197,TRADE,6050.75,1
2024-12-01 23:05:02.910320,TRADE,6050.75,1
2024-12-01 23:05:03.573792,TRADE,6050.5,1
2024-12-01 23:05:03.712479,TRADE,6050.5,17
2024-12-01 23:05:03.714060,TRADE,6050.5,1
2024-12-01 23:05:03.815951,TRADE,6050.5,1
2024-12-01 23:05:04.755890,TRADE,6050.5,1
2024-12-01 23:05:04.756213,TRADE,6050.5,2
2024-12-01 23:05:04.775770,TRADE,6050.5,1
2024-12-01 23:05:05.903563,TRADE,6050.25,12
2024-12-01 23:05:05.903577,TRADE,6050.0,1
2024-12-01 23:05:05.903577,TRADE,6050.0,4
2024-12-01 23:05:05.903577,TRADE,6050.0,1
2024-12-01 23:05:05.903645,TRADE,6050.0,3
2024-12-01 23:05:05.903658,TRADE,6050.0,3
2024-12-01 23:05:05.903664,TRADE,6050.0,1
2024-12-01 23:05:05.903673,TRADE,6050.0,1
2024-12-01 23:05:05.905163,TRADE,6050.25,2
2024-12-01 23:05:05.921360,TRADE,6050.0,2
2024-12-01 23:05:05.921882,TRADE,6050.0,46
2024-12-01 23:05:05.922958,TRADE,6050.0,2
2024-12-01 23:05:05.940733,TRADE,6049.75,6
2024-12-01 23:05:05.940747,TRADE,6049.5,1
2024-12-01 23:05:05.940747,TRADE,6049.5,1
2024-12-01 23:05:05.940753,TRADE,6049.5,1
2024-12-01 23:05:05.940784,TRADE,6049.5,1
2024-12-01 23:05:05.942601,TRADE,6049.75,1
2024-12-01 23:05:05.942996,TRADE,6049.75,2
2024-12-01 23:05:05.943250,TRADE,6049.75,2
2024-12-01 23:05:05.955357,TRADE,6049.5,3
2024-12-01 23:05:05.955737,TRADE,6049.5,5
2024-12-01 23:05:05.959404,TRADE,6049.5,1
2024-12-01 23:05:05.961374,TRADE,6049.5,1
2024-12-01 23:05:05.961824,TRADE,6049.5,2
2024-12-01 23:05:05.962229,TRADE,6049.25,1
2024-12-01 23:05:05.970233,TRADE,6049.5,1
2024-12-01 23:05:05.993463,TRADE,6049.5,4
2024-12-01 23:05:05.993463,TRADE,6049.25,2
2024-12-01 23:05:06.024897,TRADE,6049.75,1
2024-12-01 23:05:06.054103,TRADE,6049.5,1
2024-12-01 23:05:06.054259,TRADE,6049.5,1
2024-12-01 23:05:06.123829,TRADE,6049.25,1
2024-12-01 23:05:06.124271,TRADE,6049.25,1
2024-12-01 23:05:06.342497,TRADE,6049.25,1
2024-12-01 23:05:06.342645,TRADE,6049.25,2
2024-12-01 23:05:06.342870,TRADE,6049.25,1
2024-12-01 23:05:06.343277,TRADE,6049.25,1
2024-12-01 23:05:06.343398,TRADE,6049.25,1
2024-12-01 23:05:06.369610,TRADE,6049.25,1
2024-12-01 23:05:06.450761,TRADE,6049.25,1
2024-12-01 23:05:06.457830,TRADE,6049.0,1
2024-12-01 23:05:06.457842,TRADE,6049.0,1
2024-12-01 23:05:06.533476,TRADE,6049.0,4
2024-12-01 23:05:06.555141,TRADE,6049.0,1
2024-12-01 23:05:06.741940,TRADE,6049.25,1
2024-12-01 23:05:06.742535,TRADE,6049.25,1
2024-12-01 23:05:07.167512,TRADE,6049.25,1
2024-12-01 23:05:07.167708,TRADE,6049.25,1
2024-12-01 23:05:07.167808,TRADE,6049.25,1
2024-12-01 23:05:07.168140,TRADE,6049.25,1
2024-12-01 23:05:07.169425,TRADE,6049.25,2
2024-12-01 23:05:07.539284,TRADE,6049.25,1
2024-12-01 23:05:07.761668,TRADE,6049.25,1
2024-12-01 23:05:08.019214,TRADE,6049.5,12
2024-12-01 23:05:08.019214,TRADE,6049.75,7
2024-12-01 23:05:08.019214,TRADE,6050.0,11
2024-12-01 23:05:08.022317,TRADE,6050.0,4
2024-12-01 23:05:08.035276,TRADE,6049.75,6
2024-12-01 23:05:08.037973,TRADE,6049.75,1
2024-12-01 23:05:08.102899,TRADE,6049.5,2
2024-12-01 23:05:08.244767,TRADE,6049.75,1
2024-12-01 23:05:08.440417,TRADE,6049.75,1
2024-12-01 23:05:08.906890,TRADE,6049.75,1
2024-12-01 23:05:09.108994,TRADE,6049.75,3
2024-12-01 23:05:09.109235,TRADE,6049.75,4
2024-12-01 23:05:09.109598,TRADE,6049.75,1
2024-12-01 23:05:09.112043,TRADE,6050.0,1
2024-12-01 23:05:09.117905,TRADE,6050.0,1
2024-12-01 23:05:09.183487,TRADE,6049.75,3
2024-12-01 23:05:09.258319,TRADE,6049.5,1
2024-12-01 23:05:09.261482,TRADE,6049.75,1
2024-12-01 23:05:09.392382,TRADE,6049.5,1
2024-12-01 23:05:10.905687,TRADE,6049.5,2
2024-12-01 23:05:11.162505,TRADE,6049.5,8
2024-12-01 23:05:11.163757,TRADE,6049.5,2
2024-12-01 23:05:11.163912,TRADE,6049.5,1
2024-12-01 23:05:11.165612,TRADE,6049.75,2
2024-12-01 23:05:12.062675,TRADE,6049.5,2
2024-12-01 23:05:12.829285,TRADE,6049.25,1
2024-12-01 23:05:12.829544,TRADE,6049.25,1
2024-12-01 23:05:12.829677,TRADE,6049.25,1
2024-12-01 23:05:12.926294,TRADE,6049.5,1
2024-12-01 23:05:12.926600,TRADE,6049.5,3
2024-12-01 23:05:12.927022,TRADE,6049.5,9
2024-12-01 23:05:12.927502,TRADE,6049.5,1
2024-12-01 23:05:12.927755,TRADE,6049.5,1
2024-12-01 23:05:12.929820,TRADE,6049.75,2
2024-12-01 23:05:13.211676,TRADE,6049.5,1
2024-12-01 23:05:13.215357,TRADE,6049.5,1
2024-12-01 23:05:13.215714,TRADE,6049.5,3
2024-12-01 23:05:13.567298,TRADE,6049.5,1
2024-12-01 23:05:13.567710,TRADE,6049.5,6
2024-12-01 23:05:13.568203,TRADE,6049.5,1
2024-12-01 23:05:13.568521,TRADE,6049.5,1
2024-12-01 23:05:13.571007,TRADE,6049.75,2
2024-12-01 23:05:13.836672,TRADE,6049.25,1
2024-12-01 23:05:15.140730,TRADE,6049.5,1
2024-12-01 23:05:15.867588,TRADE,6049.5,2
2024-12-01 23:05:16.007162,TRADE,6049.5,2
2024-12-01 23:05:16.010218,TRADE,6049.5,1
2024-12-01 23:05:18.165364,TRADE,6049.5,1
2024-12-01 23:05:18.189974,TRADE,6049.5,1
2024-12-01 23:05:18.424523,TRADE,6049.5,1
2024-12-01 23:05:18.643178,TRADE,6049.25,1
2024-12-01 23:05:18.643495,TRADE,6049.25,1
2024-12-01 23:05:18.647280,TRADE,6049.5,1
2024-12-01 23:05:19.587657,TRADE,6049.5,2
2024-12-01 23:05:19.587737,TRADE,6049.5,1
2024-12-01 23:05:19.587945,TRADE,6049.5,4
2024-12-01 23:05:19.588471,TRADE,6049.5,2
2024-12-01 23:05:19.591403,TRADE,6049.75,1
2024-12-01 23:05:20.110751,TRADE,6049.75,1
2024-12-01 23:05:20.111071,TRADE,6049.75,3
2024-12-01 23:05:20.111266,TRADE,6049.75,1
2024-12-01 23:05:20.111776,TRADE,6050.0,1
2024-12-01 23:05:20.112451,TRADE,6049.75,1
2024-12-01 23:05:20.112751,TRADE,6049.75,1
2024-12-01 23:05:20.114374,TRADE,6049.75,1
2024-12-01 23:05:20.114654,TRADE,6049.75,1
2024-12-01 23:05:20.117318,TRADE,6050.0,1
2024-12-01 23:05:20.120916,TRADE,6049.75,1
2024-12-01 23:05:20.184819,TRADE,6049.75,1
2024-12-01 23:05:20.230364,TRADE,6049.5,2
2024-12-01 23:05:20.230666,TRADE,6049.5,3
2024-12-01 23:05:20.231196,TRADE,6049.5,1
2024-12-01 23:05:20.231495,TRADE,6049.5,1
2024-12-01 23:05:20.231601,TRADE,6049.5,1
2024-12-01 23:05:20.231731,TRADE,6049.5,3
2024-12-01 23:05:20.232032,TRADE,6049.5,1
2024-12-01 23:05:20.233813,TRADE,6049.75,1
2024-12-01 23:05:20.236481,TRADE,6049.75,1
2024-12-01 23:05:20.672635,TRADE,6049.75,2
2024-12-01 23:05:20.677215,TRADE,6050.0,1
2024-12-01 23:05:20.716701,TRADE,6049.75,1
2024-12-01 23:05:20.716924,TRADE,6049.75,2
2024-12-01 23:05:20.717004,TRADE,6049.75,1
2024-12-01 23:05:21.686398,TRADE,6050.0,1
2024-12-01 23:05:21.686889,TRADE,6049.75,1
2024-12-01 23:05:21.689317,TRADE,6050.0,1
2024-12-01 23:05:21.760073,TRADE,6049.75,2
2024-12-01 23:05:21.760453,TRADE,6049.75,1
2024-12-01 23:05:21.927855,TRADE,6050.0,2
2024-12-01 23:05:21.927963,TRADE,6050.0,2
2024-12-01 23:05:21.928071,TRADE,6050.0,1
2024-12-01 23:05:21.928397,TRADE,6050.0,1
2024-12-01 23:05:21.930909,TRADE,6050.25,1
2024-12-01 23:05:22.466897,TRADE,6050.0,1
2024-12-01 23:05:22.682668,TRADE,6049.75,1
2024-12-01 23:05:22.685665,TRADE,6050.0,1
2024-12-01 23:05:22.734595,TRADE,6049.75,3
2024-12-01 23:05:22.735460,TRADE,6049.75,3
2024-12-01 23:05:22.738621,TRADE,6049.75,1
2024-12-01 23:05:22.738930,TRADE,6049.75,1
2024-12-01 23:05:24.176320,TRADE,6049.75,1
2024-12-01 23:05:24.176571,TRADE,6049.75,1
2024-12-01 23:05:24.176705,TRADE,6049.75,1
2024-12-01 23:05:24.474934,TRADE,6050.0,1
2024-12-01 23:05:24.478463,TRADE,6050.0,1
2024-12-01 23:05:29.011353,TRADE,6049.75,1
2024-12-01 23:05:29.011624,TRADE,6049.75,1
2024-12-01 23:05:29.011767,TRADE,6049.75,3
2024-12-01 23:05:29.043053,TRADE,6049.75,1
2024-12-01 23:05:29.046423,TRADE,6049.75,1
2024-12-01 23:05:29.582122,TRADE,6049.5,1
2024-12-01 23:05:29.582495,TRADE,6049.5,3
2024-12-01 23:05:29.582567,TRADE,6049.5,1
2024-12-01 23:05:29.585517,TRADE,6049.75,1
2024-12-01 23:05:31.019185,TRADE,6049.5,2
2024-12-01 23:05:31.020414,TRADE,6049.5,2
2024-12-01 23:05:31.021187,TRADE,6049.5,1
2024-12-01 23:05:32.033079,TRADE,6049.5,2
2024-12-01 23:05:32.033457,TRADE,6049.5,1
2024-12-01 23:05:32.036752,TRADE,6049.75,1
2024-12-01 23:05:32.472897,TRADE,6049.75,1
2024-12-01 23:05:32.750304,TRADE,6049.75,2
2024-12-01 23:05:32.750524,TRADE,6049.75,1
2024-12-01 23:05:32.750665,TRADE,6049.75,2
2024-12-01 23:05:32.750840,TRADE,6049.75,1
2024-12-01 23:05:32.751065,TRADE,6049.75,1
2024-12-01 23:05:32.751581,TRADE,6049.75,1
2024-12-01 23:05:32.752960,TRADE,6049.75,2
2024-12-01 23:05:32.753776,TRADE,6050.0,1
2024-12-01 23:05:32.756534,TRADE,6050.0,1
2024-12-01 23:05:34.014432,TRADE,6049.5,1
2024-12-01 23:05:34.158083,TRADE,6049.5,1
2024-12-01 23:05:34.803808,TRADE,6050.0,5
2024-12-01 23:05:34.804482,TRADE,6049.75,1
2024-12-01 23:05:34.807200,TRADE,6050.0,1
2024-12-01 23:05:34.827376,TRADE,6049.75,4
2024-12-01 23:05:34.827858,TRADE,6049.75,1
2024-12-01 23:05:34.828125,TRADE,6049.75,1
2024-12-01 23:05:34.830288,TRADE,6050.0,1
2024-12-01 23:05:34.848080,TRADE,6049.75,4
2024-12-01 23:05:34.850577,TRADE,6049.75,1
2024-12-01 23:05:35.168566,TRADE,6049.75,2
2024-12-01 23:05:35.416595,TRADE,6049.75,1
2024-12-01 23:05:35.420007,TRADE,6050.0,1
2024-12-01 23:05:35.445032,TRADE,6049.75,3
2024-12-01 23:05:36.481417,TRADE,6049.5,1
2024-12-01 23:05:36.635148,TRADE,6049.75,1
2024-12-01 23:05:37.626687,TRADE,6050.0,3
2024-12-01 23:05:37.626687,TRADE,6050.25,10
2024-12-01 23:05:37.627720,TRADE,6050.25,1
2024-12-01 23:05:37.630000,TRADE,6050.25,1
2024-12-01 23:05:37.633417,TRADE,6050.25,2
2024-12-01 23:05:38.122458,TRADE,6050.0,1
2024-12-01 23:05:39.956464,TRADE,6050.0,2
2024-12-01 23:05:40.943624,TRADE,6050.0,1
2024-12-01 23:05:40.947350,TRADE,6050.25,1
2024-12-01 23:05:41.027643,TRADE,6050.0,2
2024-12-01 23:05:41.027960,TRADE,6050.0,1
2024-12-01 23:05:41.028224,TRADE,6050.0,1
2024-12-01 23:05:41.582429,TRADE,6050.0,2
2024-12-01 23:05:41.586596,TRADE,6050.25,1
2024-12-01 23:05:42.937402,TRADE,6050.0,1
2024-12-01 23:05:43.253900,TRADE,6050.0,2
2024-12-01 23:05:43.322846,TRADE,6050.0,1
2024-12-01 23:05:43.323116,TRADE,6050.0,2
2024-12-01 23:05:43.326487,TRADE,6050.0,1
2024-12-01 23:05:43.326747,TRADE,6050.0,1
2024-12-01 23:05:43.788550,TRADE,6050.25,1
2024-12-01 23:05:45.703157,TRADE,6049.75,4
2024-12-01 23:05:45.705951,TRADE,6049.75,1
2024-12-01 23:05:47.411561,TRADE,6049.5,1
2024-12-01 23:05:47.663155,TRADE,6050.0,5
2024-12-01 23:05:47.663748,TRADE,6049.75,3
2024-12-01 23:05:47.666119,TRADE,6050.0,1
2024-12-01 23:05:49.247828,TRADE,6050.0,2
2024-12-01 23:05:49.247940,TRADE,6050.0,2
2024-12-01 23:05:49.250637,TRADE,6050.25,1
2024-12-01 23:05:49.270932,TRADE,6050.0,1
2024-12-01 23:05:49.271224,TRADE,6050.0,2
2024-12-01 23:05:49.271467,TRADE,6050.0,2
2024-12-01 23:05:49.271716,TRADE,6050.0,1
2024-12-01 23:05:49.273938,TRADE,6050.0,1
2024-12-01 23:05:49.311457,TRADE,6049.75,1
2024-12-01 23:05:49.640647,TRADE,6049.75,1
2024-12-01 23:05:49.643518,TRADE,6050.25,1
2024-12-01 23:05:49.643529,TRADE,6050.25,1
2024-12-01 23:05:53.393488,TRADE,6050.0,1
2024-12-01 23:05:56.166770,TRADE,6050.0,1
2024-12-01 23:05:56.166903,TRADE,6050.0,2
2024-12-01 23:05:56.179092,TRADE,6050.0,2
2024-12-01 23:05:56.180072,TRADE,6050.0,1
2024-12-01 23:05:56.180212,TRADE,6050.0,2
2024-12-01 23:05:56.182507,TRADE,6050.25,1
2024-12-01 23:05:56.318045,TRADE,6050.0,1
2024-12-01 23:05:57.012810,TRADE,6050.25,1
2024-12-01 23:05:57.017691,TRADE,6050.25,1
2024-12-01 23:05:59.869186,TRADE,6049.75,2
2024-12-01 23:06:00.011998,TRADE,6050.0,1
2024-12-01 23:06:00.012242,TRADE,6050.0,1
2024-12-01 23:06:00.088222,TRADE,6050.0,1
2024-12-01 23:06:00.088526,TRADE,6050.0,1
2024-12-01 23:06:00.091548,TRADE,6050.25,1
2024-12-01 23:06:00.287909,TRADE,6050.25,1
2024-12-01 23:06:00.548256,TRADE,6050.0,4
2024-12-01 23:06:00.550994,TRADE,6050.25,1
2024-12-01 23:06:00.562022,TRADE,6050.25,2
2024-12-01 23:06:00.562252,TRADE,6050.25,1
2024-12-01 23:06:01.010668,TRADE,6050.25,1
2024-12-01 23:06:01.501968,TRADE,6050.25,1
2024-12-01 23:06:01.502275,TRADE,6050.25,1
2024-12-01 23:06:01.506268,TRADE,6050.5,1
2024-12-01 23:06:01.506279,TRADE,6050.5,1
2024-12-01 23:06:01.506279,TRADE,6050.5,1
2024-12-01 23:06:01.872174,TRADE,6050.0,1
2024-12-01 23:06:03.011486,TRADE,6050.25,1
2024-12-01 23:06:03.011805,TRADE,6050.25,1
2024-12-01 23:06:03.014532,TRADE,6050.25,1
2024-12-01 23:06:03.663037,TRADE,6050.25,1
2024-12-01 23:06:03.663421,TRADE,6050.25,1
2024-12-01 23:06:03.663663,TRADE,6050.25,1
2024-12-01 23:06:03.663801,TRADE,6050.25,1
2024-12-01 23:06:03.694643,TRADE,6050.5,2
2024-12-01 23:06:03.697630,TRADE,6050.5,1
2024-12-01 23:06:03.799080,TRADE,6050.25,1
2024-12-01 23:06:03.799389,TRADE,6050.25,4
2024-12-01 23:06:03.799771,TRADE,6050.25,1
2024-12-01 23:06:03.800148,TRADE,6050.25,1
2024-12-01 23:06:03.802613,TRADE,6050.5,1
2024-12-01 23:06:04.571164,TRADE,6050.25,1
2024-12-01 23:06:04.571476,TRADE,6050.25,1
2024-12-01 23:06:04.571584,TRADE,6050.25,1
2024-12-01 23:06:05.796557,TRADE,6050.25,2
2024-12-01 23:06:05.796791,TRADE,6050.25,1
2024-12-01 23:06:05.797264,TRADE,6050.25,4
2024-12-01 23:06:05.797387,TRADE,6050.25,1
2024-12-01 23:06:05.799422,TRADE,6050.5,1
2024-12-01 23:06:05.802147,TRADE,6050.5,1
2024-12-01 23:06:07.330241,TRADE,6050.5,2
2024-12-01 23:06:07.330571,TRADE,6050.5,1
2024-12-01 23:06:07.330817,TRADE,6050.5,3
2024-12-01 23:06:07.331176,TRADE,6050.5,4
2024-12-01 23:06:07.331913,TRADE,6050.5,1
2024-12-01 23:06:07.333951,TRADE,6050.5,1
2024-12-01 23:06:07.336671,TRADE,6050.5,1
2024-12-01 23:06:13.473516,TRADE,6050.25,2
2024-12-01 23:06:13.473810,TRADE,6050.25,3
2024-12-01 23:06:13.473883,TRADE,6050.25,1
2024-12-01 23:06:13.474007,TRADE,6050.25,1
2024-12-01 23:06:13.477609,TRADE,6050.5,1
2024-12-01 23:06:14.785750,TRADE,6050.25,2
2024-12-01 23:06:17.562091,TRADE,6050.5,2
2024-12-01 23:06:17.565403,TRADE,6050.5,1
2024-12-01 23:06:18.297017,TRADE,6050.5,1
2024-12-01 23:06:19.436546,TRADE,6050.5,2
2024-12-01 23:06:23.186957,TRADE,6050.25,2
2024-12-01 23:06:23.187295,TRADE,6050.25,2
2024-12-01 23:06:23.190640,TRADE,6050.5,1
2024-12-01 23:06:24.921397,TRADE,6050.25,1
2024-12-01 23:06:25.466824,TRADE,6050.25,2
2024-12-01 23:06:25.467142,TRADE,6050.25,1
2024-12-01 23:06:25.470331,TRADE,6050.5,1
2024-12-01 23:06:27.063956,TRADE,6050.25,1
2024-12-01 23:06:28.720096,TRADE,6050.5,1
2024-12-01 23:06:28.720245,TRADE,6050.5,3
2024-12-01 23:06:28.720385,TRADE,6050.5,2
2024-12-01 23:06:28.724518,TRADE,6050.75,1
2024-12-01 23:06:30.916098,TRADE,6050.5,2
2024-12-01 23:06:34.127611,TRADE,6050.75,1
2024-12-01 23:06:36.054889,TRADE,6050.75,1
2024-12-01 23:06:36.058583,TRADE,6050.75,1
2024-12-01 23:06:36.107896,TRADE,6050.5,2
2024-12-01 23:06:36.750157,TRADE,6050.5,1
2024-12-01 23:06:37.012510,TRADE,6050.75,1
2024-12-01 23:06:39.445911,TRADE,6050.75,4
2024-12-01 23:06:39.449652,TRADE,6050.75,1
2024-12-01 23:06:39.449969,TRADE,6050.75,2
2024-12-01 23:06:39.450346,TRADE,6050.75,4
2024-12-01 23:06:39.450686,TRADE,6050.75,1
2024-12-01 23:06:39.453098,TRADE,6051.0,1
2024-12-01 23:06:39.453483,TRADE,6050.75,1
2024-12-01 23:06:39.453616,TRADE,6050.75,1
2024-12-01 23:06:39.456368,TRADE,6050.75,1
2024-12-01 23:06:39.456710,TRADE,6050.75,3
2024-12-01 23:06:41.104960,TRADE,6050.5,2
2024-12-01 23:06:41.105315,TRADE,6050.5,5
2024-12-01 23:06:41.105522,TRADE,6050.5,1
2024-12-01 23:06:41.108734,TRADE,6050.75,1
2024-12-01 23:06:44.555919,TRADE,6050.5,1
2024-12-01 23:06:44.556234,TRADE,6050.5,2
2024-12-01 23:06:44.556619,TRADE,6050.5,1
2024-12-01 23:06:49.004075,TRADE,6050.75,1
2024-12-01 23:06:49.004617,TRADE,6050.75,2
2024-12-01 23:06:49.005025,TRADE,6050.75,1
2024-12-01 23:06:49.005277,TRADE,6050.75,1
2024-12-01 23:06:49.112014,TRADE,6050.5,6
2024-12-01 23:06:49.112466,TRADE,6050.5,6
2024-12-01 23:06:49.534499,TRADE,6050.5,1
2024-12-01 23:06:49.534816,TRADE,6050.5,1
2024-12-01 23:06:49.535052,TRADE,6050.5,1
2024-12-01 23:06:49.685063,TRADE,6050.5,1
2024-12-01 23:06:52.229056,TRADE,6050.25,7
2024-12-01 23:06:52.232169,TRADE,6050.25,5
2024-12-01 23:06:52.232421,TRADE,6050.25,2
2024-12-01 23:06:52.234995,TRADE,6050.5,2
2024-12-01 23:06:53.550476,TRADE,6050.25,2
2024-12-01 23:06:53.550719,TRADE,6050.25,1
2024-12-01 23:06:53.641538,TRADE,6050.25,2
2024-12-01 23:06:53.641844,TRADE,6050.25,1
2024-12-01 23:06:53.642240,TRADE,6050.25,1
2024-12-01 23:06:53.644873,TRADE,6050.5,1
2024-12-01 23:06:54.503615,TRADE,6050.5,1
2024-12-01 23:06:55.318185,TRADE,6050.25,1
2024-12-01 23:06:55.319078,TRADE,6050.25,1
2024-12-01 23:06:55.325063,TRADE,6050.25,1
2024-12-01 23:06:55.333999,TRADE,6050.5,1
2024-12-01 23:07:00.055977,TRADE,6050.25,2
2024-12-01 23:07:00.056123,TRADE,6050.25,1
2024-12-01 23:07:00.252864,TRADE,6050.25,2
2024-12-01 23:07:00.253253,TRADE,6050.25,1
2024-12-01 23:07:00.909481,TRADE,6050.25,1
2024-12-01 23:07:00.910146,TRADE,6050.25,1
2024-12-01 23:07:00.910581,TRADE,6050.25,1
2024-12-01 23:07:00.910825,TRADE,6050.25,1
2024-12-01 23:07:01.318565,TRADE,6050.25,1
2024-12-01 23:07:01.318979,TRADE,6050.25,1
2024-12-01 23:07:02.774517,TRADE,6050.25,1
2024-12-01 23:07:02.774831,TRADE,6050.25,1
2024-12-01 23:07:03.877862,TRADE,6050.5,1
2024-12-01 23:07:05.084051,TRADE,6050.5,1
2024-12-01 23:07:06.332698,TRADE,6050.5,2
2024-12-01 23:07:06.332975,TRADE,6050.5,1
2024-12-01 23:07:06.333176,TRADE,6050.5,3
2024-12-01 23:07:06.333546,TRADE,6050.5,1
2024-12-01 23:07:06.333966,TRADE,6050.5,3
2024-12-01 23:07:09.843537,TRADE,6050.5,1
2024-12-01 23:07:10.912196,TRADE,6050.5,2
2024-12-01 23:07:11.376047,TRADE,6050.5,3
2024-12-01 23:07:13.509566,TRADE,6050.25,1
2024-12-01 23:07:14.550855,TRADE,6050.25,4
2024-12-01 23:07:14.551087,TRADE,6050.25,1
2024-12-01 23:07:18.287880,TRADE,6050.0,14
2024-12-01 23:07:18.288054,TRADE,6050.0,1
2024-12-01 23:07:18.288203,TRADE,6050.0,1
2024-12-01 23:07:18.288370,TRADE,6050.0,10
2024-12-01 23:07:18.288458,TRADE,6050.0,1
2024-12-01 23:07:18.288634,TRADE,6050.0,5
2024-12-01 23:07:18.351737,TRADE,6049.75,12
2024-12-01 23:07:18.352035,TRADE,6049.75,6
2024-12-01 23:07:18.360956,TRADE,6049.5,2
2024-12-01 23:07:18.361301,TRADE,6049.5,1
2024-12-01 23:07:18.361533,TRADE,6049.5,10
2024-12-01 23:07:18.362665,TRADE,6049.25,11
2024-12-01 23:07:18.363464,TRADE,6049.25,5
2024-12-01 23:07:20.847556,TRADE,6049.0,2
2024-12-01 23:07:20.847569,TRADE,6049.0,1
2024-12-01 23:07:20.847793,TRADE,6049.0,2
2024-12-01 23:07:20.847884,TRADE,6049.0,1
2024-12-01 23:07:20.847982,TRADE,6049.0,1
2024-12-01 23:07:20.848265,TRADE,6049.0,14
2024-12-01 23:07:20.849961,TRADE,6048.75,1
2024-12-01 23:07:20.855815,TRADE,6048.75,2
2024-12-01 23:07:21.562403,TRADE,6048.75,2
2024-12-01 23:07:21.562655,TRADE,6048.75,1
2024-12-01 23:07:22.062217,TRADE,6048.75,1
2024-12-01 23:07:22.115976,TRADE,6048.75,1
2024-12-01 23:07:22.367500,TRADE,6048.75,1
2024-12-01 23:07:22.410686,TRADE,6048.75,1
2024-12-01 23:07:23.451585,TRADE,6049.0,6
2024-12-01 23:07:24.573193,TRADE,6048.75,1
2024-12-01 23:07:25.741316,TRADE,6048.75,1
2024-12-01 23:07:25.762184,TRADE,6049.0,1
2024-12-01 23:07:26.111456,TRADE,6048.75,3
2024-12-01 23:07:26.114080,TRADE,6048.75,3
2024-12-01 23:07:26.114342,TRADE,6048.75,1
2024-12-01 23:07:26.114577,TRADE,6048.75,1
2024-12-01 23:07:26.114812,TRADE,6048.75,1
2024-12-01 23:07:26.114909,TRADE,6048.75,1
2024-12-01 23:07:26.115025,TRADE,6048.75,1
2024-12-01 23:07:26.924548,TRADE,6048.75,13
2024-12-01 23:07:27.009366,TRADE,6048.5,2
2024-12-01 23:07:27.009378,TRADE,6048.5,2
2024-12-01 23:07:27.009378,TRADE,6048.5,1
2024-12-01 23:07:27.009378,TRADE,6048.25,1
2024-12-01 23:07:27.009432,TRADE,6048.25,1
2024-12-01 23:07:27.009439,TRADE,6048.25,1
2024-12-01 23:07:27.009446,TRADE,6048.25,1
2024-12-01 23:07:27.009446,TRADE,6048.25,3
2024-12-01 23:07:27.042490,TRADE,6048.25,1
2024-12-01 23:07:27.042820,TRADE,6048.25,1
2024-12-01 23:07:27.042978,TRADE,6048.25,1
2024-12-01 23:07:27.065194,TRADE,6048.0,1
2024-12-01 23:07:27.065211,TRADE,6048.0,2
2024-12-01 23:07:27.065211,TRADE,6048.0,1
2024-12-01 23:07:27.065211,TRADE,6048.0,10
2024-12-01 23:07:27.065211,TRADE,6048.0,5
2024-12-01 23:07:27.065211,TRADE,6048.0,1
2024-12-01 23:07:27.065211,TRADE,6048.0,10
2024-12-01 23:07:27.065211,TRADE,6047.75,15
2024-12-01 23:07:27.065211,TRADE,6047.75,1
2024-12-01 23:07:27.065220,TRADE,6047.75,1
2024-12-01 23:07:27.065755,TRADE,6047.75,4
2024-12-01 23:07:27.065764,TRADE,6047.75,5
2024-12-01 23:07:27.066074,TRADE,6048.25,1
2024-12-01 23:07:27.066196,TRADE,6048.25,1
2024-12-01 23:07:27.067129,TRADE,6048.0,1
2024-12-01 23:07:27.067452,TRADE,6047.75,1
2024-12-01 23:07:27.067931,TRADE,6047.75,1
2024-12-01 23:07:27.068117,TRADE,6047.75,1
2024-12-01 23:07:27.070000,TRADE,6047.75,3
2024-12-01 23:07:27.116568,TRADE,6047.75,5
2024-12-01 23:07:27.117418,TRADE,6047.75,3
2024-12-01 23:07:27.118886,TRADE,6048.0,9
2024-12-01 23:07:27.119526,TRADE,6048.0,2
2024-12-01 23:07:27.142812,TRADE,6048.0,1
2024-12-01 23:07:27.587368,TRADE,6048.25,1
2024-12-01 23:07:27.716202,TRADE,6048.25,3
2024-12-01 23:07:27.716529,TRADE,6048.25,1
2024-12-01 23:07:27.902751,TRADE,6048.5,1
2024-12-01 23:07:27.903051,TRADE,6048.5,1
2024-12-01 23:07:27.903159,TRADE,6048.5,1
2024-12-01 23:07:27.903370,TRADE,6048.5,1
2024-12-01 23:07:27.903661,TRADE,6048.5,1
2024-12-01 23:07:27.903811,TRADE,6048.5,2
2024-12-01 23:07:27.903920,TRADE,6048.5,1
2024-12-01 23:07:27.904076,TRADE,6048.5,1
2024-12-01 23:07:28.544766,TRADE,6048.75,1
2024-12-01 23:07:28.545077,TRADE,6048.75,1
2024-12-01 23:07:29.371432,TRADE,6048.5,1
2024-12-01 23:07:29.806423,TRADE,6048.5,1
2024-12-01 23:07:29.806720,TRADE,6048.5,1
2024-12-01 23:07:29.806807,TRADE,6048.5,1
2024-12-01 23:07:29.806933,TRADE,6048.5,1
2024-12-01 23:07:30.270460,TRADE,6048.25,1
2024-12-01 23:07:30.293220,TRADE,6048.25,6
2024-12-01 23:07:30.363290,TRADE,6048.25,1
2024-12-01 23:07:30.458725,TRADE,6048.0,4
2024-12-01 23:07:30.469137,TRADE,6048.0,2
2024-12-01 23:07:30.910745,TRADE,6048.0,2
2024-12-01 23:07:30.911029,TRADE,6048.0,1
2024-12-01 23:07:30.911155,TRADE,6048.0,1
2024-12-01 23:07:30.971140,TRADE,6048.0,1
2024-12-01 23:07:30.971366,TRADE,6048.0,1
2024-12-01 23:07:30.971508,TRADE,6048.0,1
2024-12-01 23:07:31.728737,TRADE,6048.25,9
2024-12-01 23:07:31.729689,TRADE,6048.5,1
2024-12-01 23:07:32.004510,TRADE,6048.5,1
2024-12-01 23:07:32.004510,TRADE,6048.75,1
2024-12-01 23:07:32.005014,TRADE,6048.5,2
2024-12-01 23:07:32.005246,TRADE,6048.5,1
2024-12-01 23:07:32.005341,TRADE,6048.5,1
2024-12-01 23:07:32.005442,TRADE,6048.5,1
2024-12-01 23:07:32.646674,TRADE,6048.5,1
2024-12-01 23:07:33.401934,TRADE,6048.25,2
2024-12-01 23:07:34.372979,TRADE,6048.25,2
2024-12-01 23:07:35.870789,TRADE,6048.5,1
2024-12-01 23:07:38.209663,TRADE,6048.25,3
2024-12-01 23:07:38.210226,TRADE,6048.25,1
2024-12-01 23:07:38.210622,TRADE,6048.25,1
2024-12-01 23:07:38.368803,TRADE,6048.25,2
2024-12-01 23:07:38.369217,TRADE,6048.25,1
2024-12-01 23:07:38.369468,TRADE,6048.25,2
2024-12-01 23:07:38.369702,TRADE,6048.25,1
2024-12-01 23:07:38.568104,TRADE,6048.5,1
2024-12-01 23:07:38.925123,TRADE,6048.25,1
2024-12-01 23:07:38.925616,TRADE,6048.25,1
2024-12-01 23:07:39.752297,TRADE,6048.25,3
2024-12-01 23:07:40.240120,TRADE,6048.25,1
2024-12-01 23:07:40.240489,TRADE,6048.5,1
2024-12-01 23:07:40.241399,TRADE,6048.25,2
2024-12-01 23:07:40.987078,TRADE,6048.0,2
2024-12-01 23:07:41.657138,TRADE,6048.25,1
2024-12-01 23:07:41.657481,TRADE,6048.25,2
2024-12-01 23:07:41.891053,TRADE,6048.0,1
2024-12-01 23:07:41.891443,TRADE,6048.25,1
2024-12-01 23:07:41.967948,TRADE,6048.0,6
2024-12-01 23:07:42.754651,TRADE,6048.25,3
2024-12-01 23:07:45.109518,TRADE,6048.5,1
2024-12-01 23:07:45.109613,TRADE,6048.5,4
2024-12-01 23:07:45.109885,TRADE,6048.5,1
2024-12-01 23:07:45.109980,TRADE,6048.5,1
2024-12-01 23:07:45.110253,TRADE,6048.5,4
2024-12-01 23:07:45.820262,TRADE,6048.5,7
2024-12-01 23:07:45.820262,TRADE,6048.25,3
2024-12-01 23:07:46.004594,TRADE,6048.25,2
2024-12-01 23:07:46.004976,TRADE,6048.25,3
2024-12-01 23:07:46.487764,TRADE,6048.5,1
2024-12-01 23:07:48.888653,TRADE,6048.0,1
2024-12-01 23:07:50.505841,TRADE,6048.0,1
2024-12-01 23:07:50.694182,TRADE,6048.0,2
2024-12-01 23:07:50.846960,TRADE,6048.0,3
2024-12-01 23:07:50.847133,TRADE,6048.0,3
2024-12-01 23:07:50.847498,TRADE,6048.0,9
2024-12-01 23:07:50.847859,TRADE,6048.0,1
2024-12-01 23:07:50.848415,TRADE,6048.0,1
2024-12-01 23:07:50.915870,TRADE,6048.0,2
2024-12-01 23:07:51.131641,TRADE,6048.0,7
2024-12-01 23:07:52.337788,TRADE,6048.25,2
2024-12-01 23:07:52.337921,TRADE,6048.25,5
2024-12-01 23:07:52.338875,TRADE,6048.5,2
2024-12-01 23:07:53.215965,TRADE,6048.5,6
2024-12-01 23:07:55.685565,TRADE,6048.25,10
2024-12-01 23:07:55.916104,TRADE,6048.0,1
2024-12-01 23:07:55.917263,TRADE,6048.0,1
2024-12-01 23:07:55.917506,TRADE,6048.0,1
2024-12-01 23:07:55.917606,TRADE,6048.0,1
2024-12-01 23:07:55.925119,TRADE,6048.0,6
2024-12-01 23:07:55.925764,TRADE,6048.0,2
2024-12-01 23:07:56.997949,TRADE,6048.25,2
2024-12-01 23:07:57.483983,TRADE,6048.0,1
2024-12-01 23:07:57.492558,TRADE,6048.0,5
2024-12-01 23:07:58.057333,TRADE,6048.25,1
2024-12-01 23:07:58.271544,TRADE,6047.75,1
2024-12-01 23:07:58.281904,TRADE,6048.0,1
2024-12-01 23:07:58.565402,TRADE,6047.75,1
2024-12-01 23:07:59.435380,TRADE,6048.0,1
2024-12-01 23:07:59.435703,TRADE,6048.0,3
2024-12-01 23:07:59.543511,TRADE,6047.75,2
2024-12-01 23:07:59.543795,TRADE,6047.75,3
2024-12-01 23:07:59.543963,TRADE,6047.75,1
2024-12-01 23:07:59.783164,TRADE,6047.75,1
2024-12-01 23:07:59.783485,TRADE,6047.75,1
2024-12-01 23:07:59.784171,TRADE,6047.75,1
2024-12-01 23:08:00.315524,TRADE,6048.0,1
2024-12-01 23:08:00.315808,TRADE,6048.0,1
2024-12-01 23:08:00.452272,TRADE,6048.0,1
2024-12-01 23:08:00.910295,TRADE,6047.75,2
2024-12-01 23:08:01.090228,TRADE,6047.75,1
2024-12-01 23:08:01.702010,TRADE,6048.0,1
2024-12-01 23:08:01.702136,TRADE,6048.0,3
2024-12-01 23:08:01.702546,TRADE,6048.0,5
2024-12-01 23:08:02.047651,TRADE,6048.0,2
2024-12-01 23:08:02.047862,TRADE,6048.0,1
2024-12-01 23:08:02.047977,TRADE,6048.0,1
2024-12-01 23:08:02.048070,TRADE,6048.0,1
2024-12-01 23:08:02.048563,TRADE,6048.0,2
2024-12-01 23:08:02.354040,TRADE,6048.0,1
2024-12-01 23:08:02.750510,TRADE,6048.25,1
2024-12-01 23:08:03.740351,TRADE,6047.75,1
2024-12-01 23:08:04.758100,TRADE,6048.25,1
2024-12-01 23:08:05.251779,TRADE,6048.0,1
2024-12-01 23:08:06.296016,TRADE,6048.25,10
2024-12-01 23:08:06.296016,TRADE,6048.5,2
2024-12-01 23:08:06.297804,TRADE,6048.25,1
2024-12-01 23:08:06.301550,TRADE,6048.25,2
2024-12-01 23:08:06.301773,TRADE,6048.25,1
2024-12-01 23:08:06.301919,TRADE,6048.25,2
2024-12-01 23:08:06.352258,TRADE,6048.0,3
2024-12-01 23:08:06.352624,TRADE,6048.0,1
2024-12-01 23:08:06.352720,TRADE,6048.0,1
2024-12-01 23:08:07.533576,TRADE,6048.0,1
2024-12-01 23:08:08.187170,TRADE,6047.75,1
2024-12-01 23:08:10.067314,TRADE,6047.75,2
2024-12-01 23:08:10.291344,TRADE,6048.0,2
2024-12-01 23:08:10.291575,TRADE,6048.0,1
2024-12-01 23:08:10.292308,TRADE,6048.0,4
2024-12-01 23:08:10.777024,TRADE,6048.25,1
2024-12-01 23:08:10.909865,TRADE,6048.0,1
2024-12-01 23:08:11.748677,TRADE,6048.0,1
2024-12-01 23:08:11.953880,TRADE,6048.0,1
2024-12-01 23:08:11.954136,TRADE,6048.0,1
2024-12-01 23:08:12.483143,TRADE,6048.0,2
2024-12-01 23:08:13.011119,TRADE,6048.0,1
2024-12-01 23:08:13.531423,TRADE,6048.25,1
2024-12-01 23:08:19.168741,TRADE,6048.0,4
2024-12-01 23:08:19.168741,TRADE,6047.75,16
2024-12-01 23:08:19.365663,TRADE,6048.0,2
2024-12-01 23:08:19.365907,TRADE,6048.0,1
2024-12-01 23:08:20.915106,TRADE,6047.75,2
2024-12-01 23:08:21.080019,TRADE,6047.75,1
2024-12-01 23:08:22.359916,TRADE,6048.0,2
2024-12-01 23:08:22.359976,TRADE,6048.0,2
2024-12-01 23:08:22.360370,TRADE,6048.0,7
2024-12-01 23:08:22.360887,TRADE,6048.0,1
2024-12-01 23:08:22.361975,TRADE,6048.0,2
2024-12-01 23:08:22.940545,TRADE,6048.0,2
2024-12-01 23:08:22.940847,TRADE,6048.0,1
2024-12-01 23:08:23.280267,TRADE,6048.0,1
2024-12-01 23:08:25.004748,TRADE,6048.0,4
2024-12-01 23:08:27.012434,TRADE,6048.0,1
2024-12-01 23:08:27.118191,TRADE,6048.0,1
2024-12-01 23:08:30.043798,TRADE,6048.0,4
2024-12-01 23:08:30.044345,TRADE,6048.0,1
2024-12-01 23:08:30.170220,TRADE,6048.0,1
2024-12-01 23:08:30.417586,TRADE,6048.0,1
2024-12-01 23:08:30.465318,TRADE,6048.0,6
2024-12-01 23:08:30.915059,TRADE,6047.75,2
2024-12-01 23:08:30.915366,TRADE,6047.75,1
2024-12-01 23:08:30.915471,TRADE,6047.75,1
2024-12-01 23:08:30.917093,TRADE,6047.75,4
2024-12-01 23:08:30.917140,TRADE,6047.75,4
2024-12-01 23:08:30.917669,TRADE,6047.75,1
2024-12-01 23:08:32.340499,TRADE,6047.5,1
2024-12-01 23:08:32.926370,TRADE,6047.75,1
2024-12-01 23:08:33.764626,TRADE,6048.0,1
2024-12-01 23:08:34.529854,TRADE,6047.5,1
2024-12-01 23:08:35.439293,TRADE,6047.5,1
2024-12-01 23:08:36.123859,TRADE,6047.5,2
2024-12-01 23:08:36.124120,TRADE,6047.5,1
2024-12-01 23:08:36.124294,TRADE,6047.5,14
2024-12-01 23:08:36.124532,TRADE,6047.5,1
2024-12-01 23:08:36.125102,TRADE,6047.5,1
2024-12-01 23:08:36.155733,TRADE,6047.25,2
2024-12-01 23:08:36.155742,TRADE,6047.25,4
2024-12-01 23:08:36.155956,TRADE,6047.25,1
2024-12-01 23:08:36.156051,TRADE,6047.25,1
2024-12-01 23:08:36.156172,TRADE,6047.25,1
2024-12-01 23:08:36.156334,TRADE,6047.25,1
2024-12-01 23:08:36.561743,TRADE,6047.5,1
2024-12-01 23:08:36.562164,TRADE,6047.25,1
2024-12-01 23:08:37.500352,TRADE,6047.25,1
2024-12-01 23:08:38.162070,TRADE,6047.25,1
2024-12-01 23:08:39.097641,TRADE,6047.25,2
2024-12-01 23:08:39.304412,TRADE,6047.0,1
2024-12-01 23:08:39.304424,TRADE,6047.0,3
2024-12-01 23:08:39.399083,TRADE,6047.25,1
2024-12-01 23:08:40.223358,TRADE,6047.0,1
2024-12-01 23:08:40.463660,TRADE,6047.0,1
2024-12-01 23:08:40.910021,TRADE,6047.0,2
2024-12-01 23:08:42.222325,TRADE,6047.0,2
2024-12-01 23:08:42.222423,TRADE,6047.0,1
2024-12-01 23:08:42.222532,TRADE,6047.0,1
2024-12-01 23:08:42.222620,TRADE,6047.0,1
2024-12-01 23:08:42.222705,TRADE,6047.0,1
2024-12-01 23:08:42.222845,TRADE,6047.0,7
2024-12-01 23:08:42.223384,TRADE,6047.0,1
2024-12-01 23:08:42.223682,TRADE,6047.0,2
2024-12-01 23:08:42.225157,TRADE,6047.0,1
2024-12-01 23:08:42.342469,TRADE,6047.0,1
2024-12-01 23:08:42.342855,TRADE,6047.0,1
2024-12-01 23:08:42.343102,TRADE,6047.0,1
2024-12-01 23:08:43.498427,TRADE,6046.75,6
2024-12-01 23:08:43.648780,TRADE,6046.75,1
2024-12-01 23:08:43.649050,TRADE,6046.75,1
2024-12-01 23:08:44.843253,TRADE,6046.75,1
2024-12-01 23:08:45.114315,TRADE,6046.75,1
2024-12-01 23:08:45.180658,TRADE,6046.75,8
2024-12-01 23:08:45.181016,TRADE,6046.75,5
2024-12-01 23:08:45.503959,TRADE,6046.5,1
2024-12-01 23:08:45.503975,TRADE,6046.5,1
2024-12-01 23:08:45.504173,TRADE,6046.5,1
2024-12-01 23:08:45.504278,TRADE,6046.5,1
2024-12-01 23:08:45.504386,TRADE,6046.5,1
2024-12-01 23:08:45.504518,TRADE,6046.5,1
2024-12-01 23:08:45.504602,TRADE,6046.5,1
2024-12-01 23:08:45.504779,TRADE,6046.5,2
2024-12-01 23:08:45.504903,TRADE,6046.5,1
2024-12-01 23:08:45.505026,TRADE,6046.5,1
2024-12-01 23:08:45.505254,TRADE,6046.5,1
2024-12-01 23:08:45.670578,TRADE,6046.25,1
2024-12-01 23:08:45.670589,TRADE,6046.25,1
2024-12-01 23:08:45.722576,TRADE,6046.25,3
2024-12-01 23:08:45.723127,TRADE,6046.25,1
2024-12-01 23:08:45.865615,TRADE,6046.25,1
2024-12-01 23:08:45.866073,TRADE,6046.25,1
2024-12-01 23:08:45.866453,TRADE,6046.25,1
2024-12-01 23:08:46.369227,TRADE,6046.5,1
2024-12-01 23:08:46.505112,TRADE,6046.5,1
2024-12-01 23:08:47.004533,TRADE,6046.25,1
2024-12-01 23:08:47.004815,TRADE,6046.25,1
2024-12-01 23:08:47.005052,TRADE,6046.25,1
2024-12-01 23:08:47.005229,TRADE,6046.25,1
2024-12-01 23:08:47.005563,TRADE,6046.25,1
2024-12-01 23:08:47.005563,TRADE,6046.5,21
2024-12-01 23:08:47.005627,TRADE,6046.25,1
2024-12-01 23:08:47.055182,TRADE,6046.25,7
2024-12-01 23:08:47.055610,TRADE,6046.25,3
2024-12-01 23:08:47.055747,TRADE,6046.25,1
2024-12-01 23:08:47.078421,TRADE,6046.5,1
2024-12-01 23:08:47.078609,TRADE,6046.5,2
2024-12-01 23:08:47.130962,TRADE,6046.5,5
2024-12-01 23:08:47.392189,TRADE,6046.5,1
2024-12-01 23:08:47.521879,TRADE,6046.25,1
2024-12-01 23:08:47.797947,TRADE,6046.5,7
2024-12-01 23:08:47.799636,TRADE,6046.75,1
2024-12-01 23:08:47.799896,TRADE,6046.75,3
2024-12-01 23:08:47.799999,TRADE,6046.75,1
2024-12-01 23:08:47.801041,TRADE,6046.75,1
2024-12-01 23:08:47.801223,TRADE,6046.75,1
2024-12-01 23:08:47.893970,TRADE,6046.5,2
2024-12-01 23:08:48.756604,TRADE,6046.25,1
2024-12-01 23:08:49.068384,TRADE,6046.5,3
2024-12-01 23:08:50.119145,TRADE,6046.75,1
2024-12-01 23:08:50.119427,TRADE,6046.75,1
2024-12-01 23:08:50.317638,TRADE,6046.5,1
2024-12-01 23:08:50.595928,TRADE,6046.75,1
2024-12-01 23:08:50.654528,TRADE,6046.5,1
2024-12-01 23:08:50.801039,TRADE,6046.5,5
2024-12-01 23:08:50.801271,TRADE,6046.5,1
2024-12-01 23:08:50.918565,TRADE,6046.5,1
2024-12-01 23:08:50.918855,TRADE,6046.5,1
2024-12-01 23:08:50.919116,TRADE,6046.5,1
2024-12-01 23:08:50.936673,TRADE,6046.5,1
2024-12-01 23:08:51.182054,TRADE,6046.75,2
2024-12-01 23:08:51.431197,TRADE,6046.75,2
2024-12-01 23:08:51.431525,TRADE,6046.75,6
2024-12-01 23:08:51.431811,TRADE,6046.75,1
2024-12-01 23:08:51.997725,TRADE,6046.75,1
2024-12-01 23:08:52.423254,TRADE,6046.75,1
2024-12-01 23:08:52.678639,TRADE,6047.0,3
2024-12-01 23:08:52.678703,TRADE,6047.0,1
2024-12-01 23:08:52.678818,TRADE,6047.0,2
2024-12-01 23:08:52.678985,TRADE,6047.0,13
2024-12-01 23:08:52.679117,TRADE,6047.0,1
2024-12-01 23:08:52.679671,TRADE,6047.0,1
2024-12-01 23:08:52.679759,TRADE,6047.0,1
2024-12-01 23:08:52.680045,TRADE,6047.0,1
2024-12-01 23:08:52.680201,TRADE,6047.0,1
2024-12-01 23:08:52.680336,TRADE,6047.0,1
2024-12-01 23:08:52.680518,TRADE,6047.0,1
2024-12-01 23:08:52.823992,TRADE,6047.25,6
2024-12-01 23:08:52.824277,TRADE,6047.25,1
2024-12-01 23:08:53.894752,TRADE,6047.5,2
2024-12-01 23:08:54.352222,TRADE,6047.25,2
2024-12-01 23:08:54.352546,TRADE,6047.25,6
2024-12-01 23:08:55.365783,TRADE,6047.25,1
2024-12-01 23:08:56.934083,TRADE,6047.25,1
2024-12-01 23:08:56.934288,TRADE,6047.25,1
2024-12-01 23:08:56.934390,TRADE,6047.25,1
2024-12-01 23:08:57.130170,TRADE,6047.0,1
2024-12-01 23:08:57.313356,TRADE,6047.25,1
2024-12-01 23:08:59.048890,TRADE,6047.0,1
2024-12-01 23:08:59.403947,TRADE,6047.5,2
2024-12-01 23:09:00.011593,TRADE,6047.5,9
2024-12-01 23:09:00.109049,TRADE,6047.75,1
2024-12-01 23:09:00.109061,TRADE,6047.75,1
2024-12-01 23:09:00.271408,TRADE,6047.75,1
2024-12-01 23:09:00.839353,TRADE,6047.75,1
2024-12-01 23:09:00.917617,TRADE,6047.5,2
2024-12-01 23:09:00.917895,TRADE,6047.5,1
2024-12-01 23:09:00.918182,TRADE,6047.5,1
2024-12-01 23:09:01.384308,TRADE,6047.25,1
2024-12-01 23:09:02.857824,TRADE,6047.25,1
2024-12-01 23:09:02.943512,TRADE,6047.5,3
2024-12-01 23:09:04.567239,TRADE,6047.75,1
2024-12-01 23:09:05.101597,TRADE,6047.5,6
2024-12-01 23:09:05.642605,TRADE,6047.5,1
2024-12-01 23:09:07.950286,TRADE,6047.5,16
2024-12-01 23:09:08.192866,TRADE,6047.5,1
2024-12-01 23:09:09.973730,TRADE,6047.5,1
2024-12-01 23:09:10.014940,TRADE,6047.5,1
2024-12-01 23:09:10.321394,TRADE,6047.75,1
2024-12-01 23:09:10.910633,TRADE,6047.5,2
2024-12-01 23:09:10.910919,TRADE,6047.75,2
2024-12-01 23:09:12.182501,TRADE,6047.75,1
2024-12-01 23:09:13.211910,TRADE,6047.75,5
2024-12-01 23:09:13.212174,TRADE,6047.75,1
2024-12-01 23:09:13.212264,TRADE,6047.75,1
2024-12-01 23:09:13.212832,TRADE,6047.75,1
2024-12-01 23:09:14.398497,TRADE,6047.75,4
2024-12-01 23:09:16.740218,TRADE,6047.75,5
2024-12-01 23:09:16.740838,TRADE,6047.75,1
2024-12-01 23:09:16.803446,TRADE,6047.75,1
2024-12-01 23:09:18.559471,TRADE,6047.75,1
2024-12-01 23:09:20.147083,TRADE,6047.5,2
2024-12-01 23:09:20.147323,TRADE,6047.5,4
2024-12-01 23:09:20.147585,TRADE,6047.5,1
2024-12-01 23:09:20.858132,TRADE,6047.75,1
2024-12-01 23:09:20.908234,TRADE,6047.5,2
2024-12-01 23:09:20.908823,TRADE,6047.5,1
2024-12-01 23:09:21.244768,TRADE,6047.5,1
2024-12-01 23:09:21.362632,TRADE,6047.75,1
2024-12-01 23:09:23.489751,TRADE,6047.5,1
2024-12-01 23:09:23.599547,TRADE,6047.5,2
2024-12-01 23:09:25.047049,TRADE,6047.5,1
2024-12-01 23:09:28.445393,TRADE,6047.5,1
2024-12-01 23:09:28.822731,TRADE,6047.5,2
2024-12-01 23:09:28.822976,TRADE,6047.5,1
2024-12-01 23:09:28.823060,TRADE,6047.5,1
2024-12-01 23:09:28.823594,TRADE,6047.5,1
2024-12-01 23:09:28.823875,TRADE,6047.5,1
2024-12-01 23:09:29.142258,TRADE,6047.5,1
2024-12-01 23:09:35.416662,TRADE,6047.5,1
2024-12-01 23:09:35.416948,TRADE,6047.5,2
2024-12-01 23:09:37.011452,TRADE,6047.75,1
2024-12-01 23:09:37.477452,TRADE,6047.75,5
2024-12-01 23:09:38.618949,TRADE,6048.0,1
2024-12-01 23:09:38.619276,TRADE,6048.0,11
2024-12-01 23:09:38.622094,TRADE,6048.0,1
2024-12-01 23:09:38.622369,TRADE,6048.0,1
2024-12-01 23:09:38.773362,TRADE,6048.25,5
2024-12-01 23:09:38.773376,TRADE,6048.5,2
2024-12-01 23:09:38.773376,TRADE,6048.5,3
2024-12-01 23:09:38.773376,TRADE,6048.5,3
2024-12-01 23:09:39.175316,TRADE,6048.25,2
2024-12-01 23:09:39.331220,TRADE,6048.25,1
2024-12-01 23:09:44.009183,TRADE,6048.0,1
2024-12-01 23:09:44.012388,TRADE,6048.25,1
2024-12-01 23:09:45.649573,TRADE,6048.25,1
2024-12-01 23:09:45.774896,TRADE,6048.25,1
2024-12-01 23:09:45.776078,TRADE,6048.25,1
2024-12-01 23:09:45.776763,TRADE,6048.25,1
2024-12-01 23:09:45.777015,TRADE,6048.25,1
2024-12-01 23:09:45.777272,TRADE,6048.25,1
2024-12-01 23:09:45.777369,TRADE,6048.25,1
2024-12-01 23:09:45.779024,TRADE,6048.5,1
2024-12-01 23:09:45.780791,TRADE,6048.5,1
2024-12-01 23:09:47.010294,TRADE,6048.5,2
2024-12-01 23:09:47.163199,TRADE,6048.25,2
2024-12-01 23:09:47.163534,TRADE,6048.25,2
2024-12-01 23:09:47.163636,TRADE,6048.25,1
2024-12-01 23:09:47.163737,TRADE,6048.25,2
2024-12-01 23:09:47.163856,TRADE,6048.25,1
2024-12-01 23:09:47.164060,TRADE,6048.25,2
2024-12-01 23:09:47.490977,TRADE,6048.25,1
2024-12-01 23:09:47.491230,TRADE,6048.25,1
2024-12-01 23:09:47.547968,TRADE,6048.25,2
2024-12-01 23:09:48.383955,TRADE,6048.25,1
2024-12-01 23:09:48.384262,TRADE,6048.25,2
2024-12-01 23:09:48.469131,TRADE,6048.5,12
2024-12-01 23:09:48.797063,TRADE,6048.25,2
2024-12-01 23:09:49.634584,TRADE,6048.25,1
2024-12-01 23:09:50.653584,TRADE,6048.25,1
2024-12-01 23:09:51.025299,TRADE,6048.0,2
2024-12-01 23:09:51.025643,TRADE,6048.0,1
2024-12-01 23:09:51.025773,TRADE,6048.0,2
2024-12-01 23:09:51.025938,TRADE,6048.0,1
2024-12-01 23:09:51.026417,TRADE,6048.0,1
2024-12-01 23:09:51.689124,TRADE,6048.0,1
2024-12-01 23:09:51.788301,TRADE,6048.0,1
2024-12-01 23:09:55.774355,TRADE,6047.75,5
2024-12-01 23:09:55.774585,TRADE,6047.75,1
2024-12-01 23:09:55.774711,TRADE,6047.75,1
2024-12-01 23:09:58.143504,TRADE,6047.75,1
2024-12-01 23:09:59.327982,TRADE,6048.0,1
2024-12-01 23:10:00.900096,TRADE,6048.0,2
2024-12-01 23:10:00.914908,TRADE,6047.75,2
2024-12-01 23:10:00.915243,TRADE,6047.75,1
2024-12-01 23:10:01.087778,TRADE,6047.75,1
2024-12-01 23:10:01.088059,TRADE,6047.75,1
2024-12-01 23:10:01.088448,TRADE,6047.75,1
2024-12-01 23:10:01.088548,TRADE,6047.75,1
2024-12-01 23:10:01.599159,TRADE,6047.75,1
2024-12-01 23:10:01.879303,TRADE,6047.75,2
2024-12-01 23:10:02.014773,TRADE,6048.0,1
2024-12-01 23:10:03.049149,TRADE,6048.0,1
2024-12-01 23:10:03.049290,TRADE,6048.0,2
2024-12-01 23:10:03.049438,TRADE,6048.0,5
2024-12-01 23:10:03.049570,TRADE,6048.0,1
2024-12-01 23:10:03.049739,TRADE,6048.0,1
2024-12-01 23:10:03.712704,TRADE,6048.0,2
2024-12-01 23:10:03.712825,TRADE,6048.0,3
2024-12-01 23:10:03.713031,TRADE,6048.0,1
2024-12-01 23:10:03.767791,TRADE,6047.75,7
2024-12-01 23:10:04.155207,TRADE,6047.75,2
2024-12-01 23:10:04.155588,TRADE,6047.75,1
2024-12-01 23:10:04.155993,TRADE,6047.75,1
2024-12-01 23:10:08.021476,TRADE,6047.75,1
2024-12-01 23:10:08.021761,TRADE,6047.75,2
2024-12-01 23:10:08.022005,TRADE,6047.75,1
2024-12-01 23:10:09.011182,TRADE,6047.5,6
2024-12-01 23:10:09.011209,TRADE,6047.5,1
2024-12-01 23:10:09.011310,TRADE,6047.5,3
2024-12-01 23:10:09.011408,TRADE,6047.5,1
2024-12-01 23:10:09.011481,TRADE,6047.5,1
2024-12-01 23:10:09.011561,TRADE,6047.5,1
2024-12-01 23:10:09.011698,TRADE,6047.5,13
2024-12-01 23:10:09.014549,TRADE,6047.5,1
2024-12-01 23:10:09.014790,TRADE,6047.5,1
2024-12-01 23:10:09.063354,TRADE,6047.5,7
2024-12-01 23:10:09.298926,TRADE,6047.5,1
2024-12-01 23:10:09.472726,TRADE,6047.5,2
2024-12-01 23:10:10.379975,TRADE,6047.25,5
2024-12-01 23:10:10.380004,TRADE,6047.25,2
2024-12-01 23:10:10.380118,TRADE,6047.25,2
2024-12-01 23:10:10.380265,TRADE,6047.25,1
2024-12-01 23:10:10.380389,TRADE,6047.25,9
2024-12-01 23:10:10.380764,TRADE,6047.25,1
2024-12-01 23:10:10.381126,TRADE,6047.25,1
2024-12-01 23:10:10.841705,TRADE,6047.25,1
2024-12-01 23:10:10.841705,TRADE,6047.0,11
2024-12-01 23:10:11.102815,TRADE,6047.0,5
2024-12-01 23:10:11.103206,TRADE,6047.0,1
2024-12-01 23:10:11.162969,TRADE,6047.0,2
2024-12-01 23:10:12.623041,TRADE,6046.75,3
2024-12-01 23:10:12.626190,TRADE,6046.5,3
2024-12-01 23:10:13.838812,TRADE,6046.75,2
2024-12-01 23:10:13.883272,TRADE,6046.5,5
2024-12-01 23:10:13.884681,TRADE,6046.5,1
2024-12-01 23:10:13.894736,TRADE,6046.5,1
