time,type,price,size
2024-12-15 23:00:00.026497,TRADE,6055.5,98
2024-12-15 23:00:00.041491,TRADE,6055.25,1
2024-12-15 23:00:00.046157,TRADE,6054.5,1
2024-12-15 23:00:00.053243,TRADE,6055.5,1
2024-12-15 23:00:00.055227,TRADE,6054.5,1
2024-12-15 23:00:00.059682,TRADE,6055.5,2
2024-12-15 23:00:00.072521,TRADE,6055.0,1
2024-12-15 23:00:00.072521,TRADE,6054.75,1
2024-12-15 23:00:00.076348,TRADE,6055.0,1
2024-12-15 23:00:00.077775,TRADE,6055.0,1
2024-12-15 23:00:00.079105,TRADE,6055.0,1
2024-12-15 23:00:00.081348,TRADE,6055.0,1
2024-12-15 23:00:00.084149,TRADE,6055.0,1
2024-12-15 23:00:00.142540,TRADE,6055.0,1
2024-12-15 23:00:00.176083,TRADE,6054.75,1
2024-12-15 23:00:00.191640,TRADE,6054.75,1
2024-12-15 23:00:00.200479,TRADE,6054.75,1
2024-12-15 23:00:00.201205,TRADE,6054.75,1
2024-12-15 23:00:00.207061,TRADE,6054.75,1
2024-12-15 23:00:00.234450,TRADE,6054.75,1
2024-12-15 23:00:00.235703,TRADE,6054.75,1
2024-12-15 23:00:00.237364,TRADE,6054.75,1
2024-12-15 23:00:00.237892,TRADE,6054.75,1
2024-12-15 23:00:00.262320,TRADE,6055.0,1
2024-12-15 23:00:00.271770,TRADE,6055.0,1
2024-12-15 23:00:00.398955,TRADE,6055.0,1
2024-12-15 23:00:00.596443,TRADE,6054.75,2
2024-12-15 23:00:00.658602,TRADE,6054.5,1
2024-12-15 23:00:00.661412,TRADE,6055.0,1
2024-12-15 23:00:00.666256,TRADE,6055.0,2
2024-12-15 23:00:00.696544,TRADE,6055.0,1
2024-12-15 23:00:00.710277,TRADE,6055.25,2
2024-12-15 23:00:00.871471,TRADE,6055.25,2
2024-12-15 23:00:00.871471,TRADE,6055.5,3
2024-12-15 23:00:00.899415,TRADE,6055.5,1
2024-12-15 23:00:00.939060,TRADE,6055.5,1
2024-12-15 23:00:00.940521,TRADE,6055.25,1
2024-12-15 23:00:00.946765,TRADE,6055.25,3
2024-12-15 23:00:00.946765,TRADE,6055.0,1
2024-12-15 23:00:00.990935,TRADE,6055.0,2
2024-12-15 23:00:01.016514,TRADE,6055.25,2
2024-12-15 23:00:01.042036,TRADE,6055.0,1
2024-12-15 23:00:01.048255,TRADE,6055.0,1
2024-12-15 23:00:01.130710,TRADE,6055.5,1
2024-12-15 23:00:01.561337,TRADE,6055.0,1
2024-12-15 23:00:01.598707,TRADE,6055.25,1
2024-12-15 23:00:01.664691,TRADE,6055.25,2
2024-12-15 23:00:01.714247,TRADE,6055.25,3
2024-12-15 23:00:01.714247,TRADE,6055.5,3
2024-12-15 23:00:01.714247,TRADE,6055.75,4
2024-12-15 23:00:01.964166,TRADE,6055.25,1
2024-12-15 23:00:01.965534,TRADE,6055.25,2
2024-12-15 23:00:01.968841,TRADE,6055.0,1
2024-12-15 23:00:01.971393,TRADE,6055.0,1
2024-12-15 23:00:01.974383,TRADE,6054.75,1
2024-12-15 23:00:01.977369,TRADE,6054.5,1
2024-12-15 23:00:01.982354,TRADE,6054.5,1
2024-12-15 23:00:01.983739,TRADE,6054.5,3
2024-12-15 23:00:01.985288,TRADE,6054.25,1
2024-12-15 23:00:01.986965,TRADE,6054.25,3
2024-12-15 23:00:02.032518,TRADE,6054.0,2
2024-12-15 23:00:02.034028,TRADE,6054.25,1
2024-12-15 23:00:02.056852,TRADE,6054.0,1
2024-12-15 23:00:02.064407,TRADE,6054.0,1
2024-12-15 23:00:02.065959,TRADE,6053.75,1
2024-12-15 23:00:02.067622,TRADE,6053.5,1
2024-12-15 23:00:02.070042,TRADE,6053.25,1
2024-12-15 23:00:02.191198,TRADE,6053.75,2
2024-12-15 23:00:02.200319,TRADE,6053.75,1
2024-12-15 23:00:02.296833,TRADE,6053.75,1
2024-12-15 23:00:02.298819,TRADE,6053.75,1
2024-12-15 23:00:02.299458,TRADE,6053.75,1
2024-12-15 23:00:02.584018,TRADE,6054.0,1
2024-12-15 23:00:02.953827,TRADE,6054.0,1
2024-12-15 23:00:02.989154,TRADE,6054.0,2
2024-12-15 23:00:03.461472,TRADE,6054.0,5
2024-12-15 23:00:03.461472,TRADE,6054.25,6
2024-12-15 23:00:03.462291,TRADE,6054.0,1
2024-12-15 23:00:03.605944,TRADE,6054.25,2
2024-12-15 23:00:04.164422,TRADE,6054.25,1
2024-12-15 23:00:04.758912,TRADE,6054.0,3
2024-12-15 23:00:04.760651,TRADE,6054.0,2
2024-12-15 23:00:05.117825,TRADE,6054.0,1
2024-12-15 23:00:05.118786,TRADE,6054.0,3
2024-12-15 23:00:05.226386,TRADE,6053.75,1
2024-12-15 23:00:05.461071,TRADE,6054.25,3
2024-12-15 23:00:05.461071,TRADE,6054.5,3
2024-12-15 23:00:05.491286,TRADE,6054.0,1
2024-12-15 23:00:05.664147,TRADE,6054.0,1
2024-12-15 23:00:05.840508,TRADE,6054.0,1
2024-12-15 23:00:05.995391,TRADE,6054.0,1
2024-12-15 23:00:06.034888,TRADE,6054.0,4
2024-12-15 23:00:06.035252,TRADE,6054.0,3
2024-12-15 23:00:06.096520,TRADE,6054.25,1
2024-12-15 23:00:06.142863,TRADE,6054.0,1
2024-12-15 23:00:06.144866,TRADE,6054.0,2
2024-12-15 23:00:06.145609,TRADE,6054.0,2
2024-12-15 23:00:06.149544,TRADE,6054.0,1
2024-12-15 23:00:06.421696,TRADE,6054.25,2
2024-12-15 23:00:07.316700,TRADE,6054.25,1
2024-12-15 23:00:07.461153,TRADE,6054.25,5
2024-12-15 23:00:07.461153,TRADE,6054.5,1
2024-12-15 23:00:07.796236,TRADE,6053.75,1
2024-12-15 23:00:07.896830,TRADE,6054.25,1
2024-12-15 23:00:08.530491,TRADE,6054.5,1
2024-12-15 23:00:08.864830,TRADE,6054.5,1
2024-12-15 23:00:09.030055,TRADE,6054.5,1
2024-12-15 23:00:09.401556,TRADE,6054.25,1
2024-12-15 23:00:09.461095,TRADE,6054.75,8
2024-12-15 23:00:10.017100,TRADE,6054.5,1
2024-12-15 23:00:10.017607,TRADE,6054.5,1
2024-12-15 23:00:10.111831,TRADE,6054.75,1
2024-12-15 23:00:10.124754,TRADE,6054.5,1
2024-12-15 23:00:10.336905,TRADE,6054.75,1
2024-12-15 23:00:10.877525,TRADE,6054.75,1
2024-12-15 23:00:10.972382,TRADE,6054.5,4
2024-12-15 23:00:10.974575,TRADE,6054.5,1
2024-12-15 23:00:10.975139,TRADE,6054.5,2
2024-12-15 23:00:11.006678,TRADE,6054.5,1
2024-12-15 23:00:11.085991,TRADE,6054.75,2
2024-12-15 23:00:13.211172,TRADE,6054.75,1
2024-12-15 23:00:13.211172,TRADE,6055.0,1
2024-12-15 23:00:13.680999,TRADE,6054.75,1
2024-12-15 23:00:13.752310,TRADE,6054.75,1
2024-12-15 23:00:13.761680,TRADE,6054.75,2
2024-12-15 23:00:13.761989,TRADE,6054.5,2
2024-12-15 23:00:13.904044,TRADE,6055.0,1
2024-12-15 23:00:13.971287,TRADE,6054.75,1
2024-12-15 23:00:13.971787,TRADE,6054.5,4
2024-12-15 23:00:14.632452,TRADE,6054.5,1
2024-12-15 23:00:14.911782,TRADE,6054.75,1
2024-12-15 23:00:14.911782,TRADE,6055.0,3
2024-12-15 23:00:16.707144,TRADE,6054.75,2
2024-12-15 23:00:18.513843,TRADE,6054.75,1
2024-12-15 23:00:19.942923,TRADE,6054.75,1
2024-12-15 23:00:20.279834,TRADE,6054.5,6
2024-12-15 23:00:20.281293,TRADE,6054.5,4
2024-12-15 23:00:20.281743,TRADE,6054.5,11
2024-12-15 23:00:20.282332,TRADE,6054.5,1
2024-12-15 23:00:20.507643,TRADE,6054.5,1
2024-12-15 23:00:20.979023,TRADE,6054.5,1
2024-12-15 23:00:21.138973,TRADE,6054.5,1
2024-12-15 23:00:21.277114,TRADE,6054.5,1
2024-12-15 23:00:22.014211,TRADE,6054.5,1
2024-12-15 23:00:22.014750,TRADE,6054.5,1
2024-12-15 23:00:22.015440,TRADE,6054.5,1
2024-12-15 23:00:22.154931,TRADE,6054.25,2
2024-12-15 23:00:22.154940,TRADE,6054.25,1
2024-12-15 23:00:22.956460,TRADE,6054.5,2
2024-12-15 23:00:22.962048,TRADE,6054.25,3
2024-12-15 23:00:23.479044,TRADE,6054.25,1
2024-12-15 23:00:24.252070,TRADE,6054.5,4
2024-12-15 23:00:24.993744,TRADE,6054.25,1
2024-12-15 23:00:24.993744,TRADE,6054.0,3
2024-12-15 23:00:25.330083,TRADE,6054.0,1
2024-12-15 23:00:25.330728,TRADE,6054.0,1
2024-12-15 23:00:25.331339,TRADE,6054.0,2
2024-12-15 23:00:25.332376,TRADE,6054.0,1
2024-12-15 23:00:25.332376,TRADE,6054.25,1
2024-12-15 23:00:26.008836,TRADE,6054.0,1
2024-12-15 23:00:26.009266,TRADE,6054.0,4
2024-12-15 23:00:26.059651,TRADE,6054.0,2
2024-12-15 23:00:26.061336,TRADE,6054.0,1
2024-12-15 23:00:26.077931,TRADE,6054.0,1
2024-12-15 23:00:26.757956,TRADE,6054.0,2
2024-12-15 23:00:28.491820,TRADE,6054.25,1
2024-12-15 23:00:28.677105,TRADE,6054.25,1
2024-12-15 23:00:29.002703,TRADE,6053.75,4
2024-12-15 23:00:29.047090,TRADE,6054.0,1
2024-12-15 23:00:29.295353,TRADE,6054.0,1
2024-12-15 23:00:29.416494,TRADE,6053.5,5
2024-12-15 23:00:30.800552,TRADE,6053.5,4
2024-12-15 23:00:30.801460,TRADE,6053.5,2
2024-12-15 23:00:31.335021,TRADE,6053.25,1
2024-12-15 23:00:33.918822,TRADE,6053.25,6
2024-12-15 23:00:33.919689,TRADE,6053.25,1
2024-12-15 23:00:33.920999,TRADE,6053.0,2
2024-12-15 23:00:34.254717,TRADE,6052.75,4
2024-12-15 23:00:34.254730,TRADE,6052.5,1
2024-12-15 23:00:34.257193,TRADE,6052.75,2
2024-12-15 23:00:35.259731,TRADE,6053.0,1
2024-12-15 23:00:35.960054,TRADE,6053.25,1
2024-12-15 23:00:36.654110,TRADE,6053.25,1
2024-12-15 23:00:38.177452,TRADE,6053.25,3
2024-12-15 23:00:39.155291,TRADE,6053.25,2
2024-12-15 23:00:39.202276,TRADE,6053.25,3
2024-12-15 23:00:39.939243,TRADE,6053.0,3
2024-12-15 23:00:40.064983,TRADE,6053.0,1
2024-12-15 23:00:40.190075,TRADE,6053.0,1
2024-12-15 23:00:41.001119,TRADE,6052.75,2
2024-12-15 23:00:41.577524,TRADE,6053.0,1
2024-12-15 23:00:41.762893,TRADE,6052.75,1
2024-12-15 23:00:41.763640,TRADE,6052.75,1
2024-12-15 23:00:46.633549,TRADE,6052.5,9
2024-12-15 23:00:46.655022,TRADE,6052.5,2
2024-12-15 23:00:47.428468,TRADE,6052.25,1
2024-12-15 23:00:47.429053,TRADE,6052.25,1
2024-12-15 23:00:50.428270,TRADE,6052.25,1
2024-12-15 23:00:51.310465,TRADE,6052.5,2
2024-12-15 23:00:51.361288,TRADE,6052.25,5
2024-12-15 23:00:51.361288,TRADE,6052.0,5
2024-12-15 23:00:51.363229,TRADE,6052.0,2
2024-12-15 23:00:51.372593,TRADE,6052.25,1
2024-12-15 23:00:52.894992,TRADE,6052.25,2
2024-12-15 23:00:53.004768,TRADE,6052.5,1
2024-12-15 23:00:53.005361,TRADE,6052.5,4
2024-12-15 23:00:53.285992,TRADE,6052.75,1
2024-12-15 23:00:54.520564,TRADE,6052.75,1
2024-12-15 23:00:54.649945,TRADE,6052.75,1
2024-12-15 23:00:56.187182,TRADE,6052.75,1
2024-12-15 23:00:56.187902,TRADE,6052.75,1
2024-12-15 23:00:56.621768,TRADE,6052.75,1
2024-12-15 23:00:56.622265,TRADE,6052.75,1
2024-12-15 23:00:58.308985,TRADE,6052.75,2
2024-12-15 23:00:59.647632,TRADE,6053.0,1
2024-12-15 23:00:59.647898,TRADE,6053.0,1
2024-12-15 23:00:59.648341,TRADE,6053.0,1
2024-12-15 23:00:59.648687,TRADE,6053.0,4
2024-12-15 23:00:59.777242,TRADE,6053.25,1
2024-12-15 23:00:59.790103,TRADE,6053.25,1
2024-12-15 23:00:59.803969,TRADE,6053.25,1
2024-12-15 23:00:59.816560,TRADE,6053.25,1
2024-12-15 23:00:59.829141,TRADE,6053.25,1
2024-12-15 23:00:59.841814,TRADE,6053.25,1
2024-12-15 23:01:00.257631,TRADE,6053.5,3
2024-12-15 23:01:00.591506,TRADE,6053.5,6
2024-12-15 23:01:00.591506,TRADE,6053.75,3
2024-12-15 23:01:00.594019,TRADE,6053.75,1
2024-12-15 23:01:00.686154,TRADE,6053.5,1
2024-12-15 23:01:02.137415,TRADE,6053.5,1
2024-12-15 23:01:02.137714,TRADE,6053.5,1
2024-12-15 23:01:02.141443,TRADE,6053.5,1
2024-12-15 23:01:02.154443,TRADE,6053.25,2
2024-12-15 23:01:02.155037,TRADE,6053.25,1
2024-12-15 23:01:02.155238,TRADE,6053.25,1
2024-12-15 23:01:02.155479,TRADE,6053.25,1
2024-12-15 23:01:02.156378,TRADE,6053.25,1
2024-12-15 23:01:02.380117,TRADE,6053.25,5
2024-12-15 23:01:02.871785,TRADE,6053.5,4
2024-12-15 23:01:02.872683,TRADE,6053.5,1
2024-12-15 23:01:02.873051,TRADE,6053.5,1
2024-12-15 23:01:02.873311,TRADE,6053.5,1
2024-12-15 23:01:04.011347,TRADE,6053.5,1
2024-12-15 23:01:04.012488,TRADE,6053.5,1
2024-12-15 23:01:04.014371,TRADE,6053.5,1
2024-12-15 23:01:04.015183,TRADE,6053.5,1
2024-12-15 23:01:04.015381,TRADE,6053.5,1
2024-12-15 23:01:04.016030,TRADE,6053.5,1
2024-12-15 23:01:05.128464,TRADE,6053.5,4
2024-12-15 23:01:05.128863,TRADE,6053.5,1
2024-12-15 23:01:05.967190,TRADE,6053.25,2
2024-12-15 23:01:06.625940,TRADE,6053.5,2
2024-12-15 23:01:07.352885,TRADE,6053.25,1
2024-12-15 23:01:08.790288,TRADE,6053.75,1
2024-12-15 23:01:08.792956,TRADE,6053.25,1
2024-12-15 23:01:08.793841,TRADE,6053.25,1
2024-12-15 23:01:08.794719,TRADE,6053.25,1
2024-12-15 23:01:08.795497,TRADE,6053.25,2
2024-12-15 23:01:09.545333,TRADE,6053.25,2
2024-12-15 23:01:09.545931,TRADE,6053.25,1
2024-12-15 23:01:09.546479,TRADE,6053.0,1
2024-12-15 23:01:09.546491,TRADE,6053.0,1
2024-12-15 23:01:09.547235,TRADE,6053.0,2
2024-12-15 23:01:09.547706,TRADE,6053.0,1
2024-12-15 23:01:09.548712,TRADE,6053.0,1
2024-12-15 23:01:09.550552,TRADE,6053.0,1
2024-12-15 23:01:09.552478,TRADE,6053.0,1
2024-12-15 23:01:09.552710,TRADE,6053.0,1
2024-12-15 23:01:09.572569,TRADE,6053.0,1
2024-12-15 23:01:09.585049,TRADE,6053.0,1
2024-12-15 23:01:09.597628,TRADE,6053.0,1
2024-12-15 23:01:09.610222,TRADE,6053.0,1
2024-12-15 23:01:09.622769,TRADE,6053.0,1
2024-12-15 23:01:09.635338,TRADE,6053.0,1
2024-12-15 23:01:09.635691,TRADE,6053.0,1
2024-12-15 23:01:09.636027,TRADE,6053.0,1
2024-12-15 23:01:14.128600,TRADE,6053.0,1
2024-12-15 23:01:16.720133,TRADE,6053.0,5
2024-12-15 23:01:16.721778,TRADE,6053.0,1
2024-12-15 23:01:16.722256,TRADE,6053.0,1
2024-12-15 23:01:17.835500,TRADE,6053.25,7
2024-12-15 23:01:17.836802,TRADE,6053.25,2
2024-12-15 23:01:17.837198,TRADE,6053.25,1
2024-12-15 23:01:17.837869,TRADE,6053.25,1
2024-12-15 23:01:20.438477,TRADE,6053.25,1
2024-12-15 23:01:20.438819,TRADE,6053.25,1
2024-12-15 23:01:20.439202,TRADE,6053.25,1
2024-12-15 23:01:21.385790,TRADE,6053.0,1
2024-12-15 23:01:21.398366,TRADE,6053.0,1
2024-12-15 23:01:21.398758,TRADE,6053.0,1
2024-12-15 23:01:23.008315,TRADE,6052.75,2
2024-12-15 23:01:26.438296,TRADE,6052.75,2
2024-12-15 23:01:27.167165,TRADE,6053.0,5
2024-12-15 23:01:27.167165,TRADE,6053.25,1
2024-12-15 23:01:27.168451,TRADE,6053.0,1
2024-12-15 23:01:27.168845,TRADE,6053.0,1
2024-12-15 23:01:27.169025,TRADE,6053.0,1
2024-12-15 23:01:29.952135,TRADE,6053.25,1
2024-12-15 23:01:30.489392,TRADE,6053.25,1
2024-12-15 23:01:31.063784,TRADE,6053.25,1
2024-12-15 23:01:33.791694,TRADE,6053.25,1
2024-12-15 23:01:33.792667,TRADE,6053.25,2
2024-12-15 23:01:36.497779,TRADE,6053.5,3
2024-12-15 23:01:36.498886,TRADE,6053.5,1
2024-12-15 23:01:36.661719,TRADE,6053.5,2
2024-12-15 23:01:37.613522,TRADE,6053.5,1
2024-12-15 23:01:37.613847,TRADE,6053.5,1
2024-12-15 23:01:38.270880,TRADE,6053.5,2
2024-12-15 23:01:38.875352,TRADE,6053.5,1
2024-12-15 23:01:39.203132,TRADE,6053.5,1
2024-12-15 23:01:39.249198,TRADE,6053.5,1
2024-12-15 23:01:39.955649,TRADE,6053.5,1
2024-12-15 23:01:40.191860,TRADE,6053.5,3
2024-12-15 23:01:45.295271,TRADE,6053.5,2
2024-12-15 23:01:46.042044,TRADE,6053.5,1
2024-12-15 23:01:46.562844,TRADE,6053.25,2
2024-12-15 23:01:48.887049,TRADE,6053.5,4
2024-12-15 23:01:48.890115,TRADE,6053.5,1
2024-12-15 23:01:49.485441,TRADE,6053.5,1
2024-12-15 23:01:50.822521,TRADE,6053.25,6
2024-12-15 23:01:52.002666,TRADE,6053.25,1
2024-12-15 23:01:52.002934,TRADE,6053.25,2
2024-12-15 23:01:52.476612,TRADE,6053.5,2
2024-12-15 23:01:52.700048,TRADE,6053.5,3
2024-12-15 23:01:52.700602,TRADE,6053.5,1
2024-12-15 23:01:55.701527,TRADE,6053.5,6
2024-12-15 23:01:55.707203,TRADE,6053.5,1
2024-12-15 23:01:56.588494,TRADE,6053.5,2
2024-12-15 23:01:58.767902,TRADE,6053.75,7
2024-12-15 23:01:58.769010,TRADE,6053.75,2
2024-12-15 23:01:58.769934,TRADE,6053.75,1
2024-12-15 23:01:58.770085,TRADE,6053.75,1
2024-12-15 23:01:58.770508,TRADE,6054.0,2
2024-12-15 23:01:58.771090,TRADE,6054.0,2
2024-12-15 23:02:00.392791,TRADE,6054.0,3
2024-12-15 23:02:00.392791,TRADE,6054.25,6
2024-12-15 23:02:00.394362,TRADE,6054.0,1
2024-12-15 23:02:01.793267,TRADE,6054.0,1
2024-12-15 23:02:01.793267,TRADE,6054.25,1
2024-12-15 23:02:01.794634,TRADE,6054.0,1
2024-12-15 23:02:02.185803,TRADE,6054.25,1
2024-12-15 23:02:02.294139,TRADE,6054.25,1
2024-12-15 23:02:03.009535,TRADE,6054.0,2
2024-12-15 23:02:04.538037,TRADE,6054.0,1
2024-12-15 23:02:04.708476,TRADE,6053.75,2
2024-12-15 23:02:04.973888,TRADE,6054.0,1
2024-12-15 23:02:05.226747,TRADE,6054.0,2
2024-12-15 23:02:05.227152,TRADE,6054.0,1
2024-12-15 23:02:07.251473,TRADE,6054.25,1
2024-12-15 23:02:07.251591,TRADE,6054.25,2
2024-12-15 23:02:07.251712,TRADE,6054.25,1
2024-12-15 23:02:07.252033,TRADE,6054.5,2
2024-12-15 23:02:07.253050,TRADE,6054.5,1
2024-12-15 23:02:07.253200,TRADE,6054.5,2
2024-12-15 23:02:07.253568,TRADE,6054.5,1
2024-12-15 23:02:07.255727,TRADE,6054.25,9
2024-12-15 23:02:07.257395,TRADE,6054.25,1
2024-12-15 23:02:07.257714,TRADE,6054.25,1
2024-12-15 23:02:07.258264,TRADE,6054.25,1
2024-12-15 23:02:07.701798,TRADE,6054.25,1
2024-12-15 23:02:08.037848,TRADE,6054.25,2
2024-12-15 23:02:09.130679,TRADE,6054.25,1
2024-12-15 23:02:09.130876,TRADE,6054.25,2
2024-12-15 23:02:09.363693,TRADE,6054.0,1
2024-12-15 23:02:09.453309,TRADE,6054.25,1
2024-12-15 23:02:09.704907,TRADE,6054.25,1
2024-12-15 23:02:09.705247,TRADE,6054.25,1
2024-12-15 23:02:09.706175,TRADE,6054.25,1
2024-12-15 23:02:09.930608,TRADE,6054.25,1
2024-12-15 23:02:12.518053,TRADE,6054.5,1
2024-12-15 23:02:12.995987,TRADE,6054.5,4
2024-12-15 23:02:13.067133,TRADE,6054.5,1
2024-12-15 23:02:13.067259,TRADE,6054.5,1
2024-12-15 23:02:13.153284,TRADE,6054.5,1
2024-12-15 23:02:14.231607,TRADE,6054.5,1
2024-12-15 23:02:14.624578,TRADE,6054.75,1
2024-12-15 23:02:15.673690,TRADE,6054.5,1
2024-12-15 23:02:21.900050,TRADE,6054.75,1
2024-12-15 23:02:21.900064,TRADE,6054.75,1
2024-12-15 23:02:23.187183,TRADE,6054.5,9
2024-12-15 23:02:27.088312,TRADE,6054.5,4
2024-12-15 23:02:27.088687,TRADE,6054.5,1
2024-12-15 23:02:31.952599,TRADE,6054.5,1
2024-12-15 23:02:32.411265,TRADE,6054.25,1
2024-12-15 23:02:32.975603,TRADE,6054.5,1
2024-12-15 23:02:33.451250,TRADE,6054.5,1
2024-12-15 23:02:35.197933,TRADE,6054.25,1
2024-12-15 23:02:40.298698,TRADE,6054.25,3
2024-12-15 23:02:41.174383,TRADE,6054.5,1
2024-12-15 23:02:42.993526,TRADE,6054.25,5
2024-12-15 23:02:42.995554,TRADE,6054.25,1
2024-12-15 23:02:43.007177,TRADE,6054.25,2
2024-12-15 23:02:46.004662,TRADE,6054.5,3
2024-12-15 23:02:46.013760,TRADE,6054.5,3
2024-12-15 23:02:46.014059,TRADE,6054.5,2
2024-12-15 23:02:46.015593,TRADE,6054.5,1
2024-12-15 23:02:47.131280,TRADE,6054.5,1
2024-12-15 23:02:47.722378,TRADE,6054.5,1
2024-12-15 23:02:47.900783,TRADE,6054.5,1
2024-12-15 23:02:48.559964,TRADE,6054.5,1
2024-12-15 23:02:51.357713,TRADE,6054.75,1
2024-12-15 23:02:53.294825,TRADE,6054.5,1
2024-12-15 23:02:53.295228,TRADE,6054.5,4
2024-12-15 23:02:58.256547,TRADE,6054.25,4
2024-12-15 23:02:58.256547,TRADE,6054.0,1
2024-12-15 23:02:59.569981,TRADE,6054.0,6
2024-12-15 23:02:59.571736,TRADE,6053.75,2
2024-12-15 23:02:59.640380,TRADE,6053.5,2
2024-12-15 23:02:59.640396,TRADE,6053.25,1
2024-12-15 23:02:59.640997,TRADE,6053.75,3
2024-12-15 23:02:59.641358,TRADE,6053.5,1
2024-12-15 23:02:59.641397,TRADE,6053.5,1
2024-12-15 23:02:59.641688,TRADE,6053.5,1
2024-12-15 23:02:59.646363,TRADE,6053.25,2
2024-12-15 23:02:59.815215,TRADE,6053.5,1
2024-12-15 23:02:59.872309,TRADE,6053.25,1
2024-12-15 23:03:00.037841,TRADE,6053.5,7
2024-12-15 23:03:00.037841,TRADE,6053.75,1
2024-12-15 23:03:00.390100,TRADE,6053.25,1
2024-12-15 23:03:00.390885,TRADE,6053.25,2
2024-12-15 23:03:01.179636,TRADE,6053.0,1
2024-12-15 23:03:01.411336,TRADE,6053.25,1
2024-12-15 23:03:06.309389,TRADE,6053.25,2
2024-12-15 23:03:06.309885,TRADE,6053.25,1
2024-12-15 23:03:06.310017,TRADE,6053.25,1
2024-12-15 23:03:06.310191,TRADE,6053.25,1
2024-12-15 23:03:06.311295,TRADE,6053.25,3
2024-12-15 23:03:06.920912,TRADE,6053.0,10
2024-12-15 23:03:06.927147,TRADE,6053.0,2
2024-12-15 23:03:07.996437,TRADE,6052.75,6
2024-12-15 23:03:07.996453,TRADE,6052.5,1
2024-12-15 23:03:09.059623,TRADE,6052.5,4
2024-12-15 23:03:09.061375,TRADE,6052.25,3
2024-12-15 23:03:09.787668,TRADE,6052.25,3
2024-12-15 23:03:09.788568,TRADE,6052.0,3
2024-12-15 23:03:09.788582,TRADE,6052.0,1
2024-12-15 23:03:10.996042,TRADE,6052.25,1
2024-12-15 23:03:10.996329,TRADE,6052.25,1
2024-12-15 23:03:10.996450,TRADE,6052.25,1
2024-12-15 23:03:10.996884,TRADE,6052.25,1
2024-12-15 23:03:10.997535,TRADE,6052.25,1
2024-12-15 23:03:10.998071,TRADE,6052.25,1
2024-12-15 23:03:10.999023,TRADE,6052.25,1
2024-12-15 23:03:11.244068,TRADE,6052.5,2
2024-12-15 23:03:11.244363,TRADE,6052.5,1
2024-12-15 23:03:11.244694,TRADE,6052.5,1
2024-12-15 23:03:11.244996,TRADE,6052.5,1
2024-12-15 23:03:11.472181,TRADE,6052.25,1
2024-12-15 23:03:11.472801,TRADE,6052.0,3
2024-12-15 23:03:11.612196,TRADE,6052.25,2
2024-12-15 23:03:14.271748,TRADE,6052.25,1
2024-12-15 23:03:14.272552,TRADE,6052.25,1
2024-12-15 23:03:15.549295,TRADE,6052.25,2
2024-12-15 23:03:15.554147,TRADE,6052.5,1
2024-12-15 23:03:15.945230,TRADE,6052.25,4
2024-12-15 23:03:15.945555,TRADE,6052.25,1
2024-12-15 23:03:15.989190,TRADE,6052.5,1
2024-12-15 23:03:16.797657,TRADE,6052.25,2
2024-12-15 23:03:16.824375,TRADE,6052.25,5
2024-12-15 23:03:16.824988,TRADE,6052.25,1
2024-12-15 23:03:20.834242,TRADE,6052.5,1
2024-12-15 23:03:20.844220,TRADE,6052.75,11
2024-12-15 23:03:20.844220,TRADE,6053.0,9
2024-12-15 23:03:23.173963,TRADE,6053.0,1
2024-12-15 23:03:24.895931,TRADE,6053.25,1
2024-12-15 23:03:28.879487,TRADE,6053.25,1
2024-12-15 23:03:29.644915,TRADE,6053.0,1
2024-12-15 23:03:30.388417,TRADE,6052.75,4
2024-12-15 23:03:30.927064,TRADE,6053.0,1
2024-12-15 23:03:38.543099,TRADE,6053.0,2
2024-12-15 23:03:38.543849,TRADE,6053.0,1
2024-12-15 23:03:38.544163,TRADE,6053.0,1
2024-12-15 23:03:39.600685,TRADE,6053.0,1
2024-12-15 23:03:39.971764,TRADE,6053.0,1
2024-12-15 23:03:47.951996,TRADE,6053.0,1
2024-12-15 23:03:49.697825,TRADE,6053.0,2
2024-12-15 23:03:49.749429,TRADE,6052.75,6
2024-12-15 23:03:50.927711,TRADE,6052.75,2
2024-12-15 23:03:50.928292,TRADE,6052.75,1
2024-12-15 23:03:50.928577,TRADE,6052.75,1
2024-12-15 23:03:53.625591,TRADE,6052.75,1
2024-12-15 23:03:56.491297,TRADE,6052.5,1
2024-12-15 23:03:58.240531,TRADE,6052.5,6
2024-12-15 23:03:58.240531,TRADE,6052.25,19
2024-12-15 23:03:58.240531,TRADE,6052.0,11
2024-12-15 23:03:58.243818,TRADE,6052.25,1
2024-12-15 23:03:58.447061,TRADE,6052.25,1
2024-12-15 23:03:58.886430,TRADE,6052.25,1
2024-12-15 23:03:58.887129,TRADE,6052.25,1
2024-12-15 23:03:58.887445,TRADE,6052.25,1
2024-12-15 23:04:00.859866,TRADE,6052.5,7
2024-12-15 23:04:01.160814,TRADE,6052.75,1
2024-12-15 23:04:01.161447,TRADE,6052.5,1
2024-12-15 23:04:04.423822,TRADE,6052.75,2
2024-12-15 23:04:04.424678,TRADE,6052.75,1
2024-12-15 23:04:06.369030,TRADE,6052.75,2
2024-12-15 23:04:06.369208,TRADE,6052.75,1
2024-12-15 23:04:06.369391,TRADE,6052.75,2
2024-12-15 23:04:06.369886,TRADE,6052.75,1
2024-12-15 23:04:06.372212,TRADE,6052.75,2
2024-12-15 23:04:07.426885,TRADE,6052.5,3
2024-12-15 23:04:07.619568,TRADE,6052.75,1
2024-12-15 23:04:08.898491,TRADE,6052.5,5
2024-12-15 23:04:08.898491,TRADE,6052.25,13
2024-12-15 23:04:08.898491,TRADE,6052.0,23
2024-12-15 23:04:08.898491,TRADE,6051.75,29
2024-12-15 23:04:08.898491,TRADE,6051.5,12
2024-12-15 23:04:08.898617,TRADE,6051.5,1
2024-12-15 23:04:08.898625,TRADE,6051.5,1
2024-12-15 23:04:08.898632,TRADE,6051.5,2
2024-12-15 23:04:08.901590,TRADE,6052.0,1
2024-12-15 23:04:08.903449,TRADE,6051.75,1
2024-12-15 23:04:08.903648,TRADE,6051.75,1
2024-12-15 23:04:08.903979,TRADE,6051.75,1
2024-12-15 23:04:08.904121,TRADE,6051.75,1
2024-12-15 23:04:08.904237,TRADE,6051.75,1
2024-12-15 23:04:08.907024,TRADE,6051.75,1
2024-12-15 23:04:08.937219,TRADE,6051.75,1
2024-12-15 23:04:08.937568,TRADE,6051.75,1
2024-12-15 23:04:09.209387,TRADE,6051.75,1
2024-12-15 23:04:09.224424,TRADE,6051.75,1
2024-12-15 23:04:09.228096,TRADE,6051.75,1
2024-12-15 23:04:10.890674,TRADE,6052.0,1
2024-12-15 23:04:14.432166,TRADE,6052.0,1
2024-12-15 23:04:15.105808,TRADE,6051.75,1
2024-12-15 23:04:15.364685,TRADE,6051.75,1
2024-12-15 23:04:15.669155,TRADE,6052.0,1
2024-12-15 23:04:18.181920,TRADE,6051.75,3
2024-12-15 23:04:18.874865,TRADE,6051.75,6
2024-12-15 23:04:18.875167,TRADE,6051.75,1
2024-12-15 23:04:20.319034,TRADE,6052.0,1
2024-12-15 23:04:20.495144,TRADE,6051.75,1
2024-12-15 23:04:25.116485,TRADE,6051.75,1
2024-12-15 23:04:32.092845,TRADE,6052.0,2
2024-12-15 23:04:36.651012,TRADE,6052.0,1
2024-12-15 23:04:36.809200,TRADE,6052.0,4
2024-12-15 23:04:36.809200,TRADE,6051.75,8
2024-12-15 23:04:36.811571,TRADE,6051.75,1
2024-12-15 23:04:38.436814,TRADE,6052.0,1
2024-12-15 23:04:43.531408,TRADE,6052.0,1
2024-12-15 23:04:46.996524,TRADE,6052.25,1
2024-12-15 23:04:47.793716,TRADE,6052.25,1
2024-12-15 23:04:49.050131,TRADE,6052.25,1
2024-12-15 23:04:49.050396,TRADE,6052.25,1
2024-12-15 23:04:49.050529,TRADE,6052.25,1
2024-12-15 23:04:49.388599,TRADE,6052.5,1
2024-12-15 23:04:54.257274,TRADE,6052.5,5
2024-12-15 23:04:55.259992,TRADE,6052.5,4
2024-12-15 23:04:55.260072,TRADE,6052.5,1
2024-12-15 23:04:55.260752,TRADE,6052.5,1
2024-12-15 23:04:56.010083,TRADE,6052.25,1
2024-12-15 23:05:00.399648,TRADE,6052.5,2
2024-12-15 23:05:00.399648,TRADE,6052.75,4
2024-12-15 23:05:00.400432,TRADE,6052.75,1
2024-12-15 23:05:00.400467,TRADE,6052.75,1
2024-12-15 23:05:00.401275,TRADE,6052.75,1
2024-12-15 23:05:00.407120,TRADE,6053.0,3
2024-12-15 23:05:00.409460,TRADE,6053.0,2
2024-12-15 23:05:00.453190,TRADE,6053.0,1
2024-12-15 23:05:02.523315,TRADE,6053.0,1
2024-12-15 23:05:03.373099,TRADE,6053.25,3
2024-12-15 23:05:03.373111,TRADE,6053.25,1
2024-12-15 23:05:03.428940,TRADE,6053.25,1
2024-12-15 23:05:04.585293,TRADE,6053.5,2
2024-12-15 23:05:04.643505,TRADE,6053.5,1
2024-12-15 23:05:05.155869,TRADE,6053.25,1
2024-12-15 23:05:05.654143,TRADE,6053.5,1
2024-12-15 23:05:05.669564,TRADE,6053.5,6
2024-12-15 23:05:07.770459,TRADE,6053.75,10
2024-12-15 23:05:07.770872,TRADE,6053.75,1
2024-12-15 23:05:07.771131,TRADE,6053.75,1
2024-12-15 23:05:07.771268,TRADE,6053.75,1
2024-12-15 23:05:07.772467,TRADE,6053.75,1
2024-12-15 23:05:07.772742,TRADE,6053.75,1
2024-12-15 23:05:07.772870,TRADE,6053.75,1
2024-12-15 23:05:09.226104,TRADE,6054.0,1
2024-12-15 23:05:09.267120,TRADE,6053.75,1
2024-12-15 23:05:09.323662,TRADE,6054.0,1
2024-12-15 23:05:10.933219,TRADE,6054.25,1
2024-12-15 23:05:11.041486,TRADE,6054.5,2
2024-12-15 23:05:12.534154,TRADE,6054.5,1
2024-12-15 23:05:12.831562,TRADE,6054.25,1
2024-12-15 23:05:13.774347,TRADE,6054.5,2
2024-12-15 23:05:13.780277,TRADE,6054.5,1
2024-12-15 23:05:13.782318,TRADE,6054.5,1
2024-12-15 23:05:15.907768,TRADE,6054.5,10
2024-12-15 23:05:15.912927,TRADE,6054.25,1
2024-12-15 23:05:16.651348,TRADE,6054.25,1
2024-12-15 23:05:17.759568,TRADE,6054.5,3
2024-12-15 23:05:17.761510,TRADE,6054.25,1
2024-12-15 23:05:18.159267,TRADE,6054.0,4
2024-12-15 23:05:18.160622,TRADE,6053.75,2
2024-12-15 23:05:18.423658,TRADE,6053.75,2
2024-12-15 23:05:18.425479,TRADE,6054.0,1
2024-12-15 23:05:18.428566,TRADE,6054.0,1
2024-12-15 23:05:18.691516,TRADE,6054.25,3
2024-12-15 23:05:18.691516,TRADE,6054.5,7
2024-12-15 23:05:18.693520,TRADE,6054.25,1
2024-12-15 23:05:18.694821,TRADE,6054.25,1
2024-12-15 23:05:20.206661,TRADE,6054.25,1
2024-12-15 23:05:22.268977,TRADE,6054.25,3
2024-12-15 23:05:22.829986,TRADE,6054.25,9
2024-12-15 23:05:22.829986,TRADE,6054.5,21
2024-12-15 23:05:24.358260,TRADE,6054.25,1
2024-12-15 23:05:29.982018,TRADE,6054.0,2
2024-12-15 23:05:30.931603,TRADE,6054.25,4
2024-12-15 23:05:30.931705,TRADE,6054.25,4
2024-12-15 23:05:32.955581,TRADE,6054.5,1
2024-12-15 23:05:32.978422,TRADE,6054.5,2
2024-12-15 23:05:33.844708,TRADE,6054.5,19
2024-12-15 23:05:36.084149,TRADE,6054.75,1
2024-12-15 23:05:36.084160,TRADE,6054.75,1
2024-12-15 23:05:36.315710,TRADE,6054.75,2
2024-12-15 23:05:36.316477,TRADE,6054.75,1
2024-12-15 23:05:37.383976,TRADE,6054.75,2
2024-12-15 23:05:37.383976,TRADE,6055.0,1
2024-12-15 23:05:37.383987,TRADE,6055.0,15
2024-12-15 23:05:37.384694,TRADE,6054.75,1
2024-12-15 23:05:37.385087,TRADE,6054.75,1
2024-12-15 23:05:37.385314,TRADE,6054.75,1
2024-12-15 23:05:37.385386,TRADE,6054.75,1
2024-12-15 23:05:37.385527,TRADE,6054.75,1
2024-12-15 23:05:37.385860,TRADE,6054.75,1
2024-12-15 23:05:37.386008,TRADE,6054.75,1
2024-12-15 23:05:37.386752,TRADE,6054.75,1
2024-12-15 23:05:37.406201,TRADE,6055.0,1
2024-12-15 23:05:37.594278,TRADE,6054.75,1
2024-12-15 23:05:38.912590,TRADE,6054.75,1
2024-12-15 23:05:39.921647,TRADE,6054.75,6
2024-12-15 23:05:39.921647,TRADE,6054.5,1
2024-12-15 23:05:39.922510,TRADE,6054.75,1
2024-12-15 23:05:39.922889,TRADE,6054.75,3
2024-12-15 23:05:39.922982,TRADE,6054.75,1
2024-12-15 23:05:39.923189,TRADE,6054.75,1
2024-12-15 23:05:40.425174,TRADE,6054.5,1
2024-12-15 23:05:40.929272,TRADE,6054.75,1
2024-12-15 23:05:40.929646,TRADE,6054.75,1
2024-12-15 23:05:41.008223,TRADE,6054.5,3
2024-12-15 23:05:41.147365,TRADE,6054.75,1
2024-12-15 23:05:41.235380,TRADE,6054.5,1
2024-12-15 23:05:41.308572,TRADE,6054.75,1
2024-12-15 23:05:41.310141,TRADE,6054.75,1
2024-12-15 23:05:41.929111,TRADE,6054.75,5
2024-12-15 23:05:41.939113,TRADE,6054.75,1
2024-12-15 23:05:41.939442,TRADE,6054.75,1
2024-12-15 23:05:41.940873,TRADE,6054.75,1
2024-12-15 23:05:44.225611,TRADE,6055.0,3
2024-12-15 23:05:46.359420,TRADE,6055.0,1
2024-12-15 23:05:47.432275,TRADE,6054.75,1
2024-12-15 23:05:48.548905,TRADE,6054.75,1
2024-12-15 23:05:49.357534,TRADE,6054.75,9
2024-12-15 23:05:49.357534,TRADE,6054.5,1
2024-12-15 23:05:49.361857,TRADE,6054.75,1
2024-12-15 23:05:49.533337,TRADE,6054.75,1
2024-12-15 23:05:49.533662,TRADE,6054.75,1
2024-12-15 23:05:49.533977,TRADE,6054.75,1
2024-12-15 23:05:50.060551,TRADE,6054.75,1
2024-12-15 23:05:50.060647,TRADE,6054.75,1
2024-12-15 23:05:50.060757,TRADE,6055.0,2
2024-12-15 23:05:50.060875,TRADE,6055.0,1
2024-12-15 23:05:50.061260,TRADE,6055.0,2
2024-12-15 23:05:50.062323,TRADE,6055.0,1
2024-12-15 23:05:50.062468,TRADE,6054.75,1
2024-12-15 23:05:50.062754,TRADE,6055.0,5
2024-12-15 23:05:50.062900,TRADE,6055.0,1
2024-12-15 23:05:50.063052,TRADE,6055.0,1
2024-12-15 23:05:50.063582,TRADE,6055.0,1
2024-12-15 23:05:50.155763,TRADE,6055.0,1
2024-12-15 23:05:50.156078,TRADE,6055.0,2
2024-12-15 23:05:50.156162,TRADE,6055.0,1
2024-12-15 23:05:50.156338,TRADE,6055.0,1
2024-12-15 23:05:50.156570,TRADE,6055.0,1
2024-12-15 23:05:50.156781,TRADE,6055.0,1
2024-12-15 23:05:53.537876,TRADE,6055.0,6
2024-12-15 23:05:53.539196,TRADE,6055.25,1
2024-12-15 23:05:53.539597,TRADE,6055.25,1
2024-12-15 23:05:53.539839,TRADE,6055.25,1
2024-12-15 23:05:53.540093,TRADE,6055.25,1
2024-12-15 23:05:53.540210,TRADE,6055.25,1
2024-12-15 23:05:53.829722,TRADE,6055.25,2
2024-12-15 23:05:53.906540,TRADE,6055.25,1
2024-12-15 23:05:53.906687,TRADE,6055.25,1
2024-12-15 23:05:53.906836,TRADE,6055.5,2
2024-12-15 23:05:53.908466,TRADE,6055.25,1
2024-12-15 23:05:54.402458,TRADE,6055.25,1
2024-12-15 23:05:55.088296,TRADE,6055.25,1
2024-12-15 23:05:55.730895,TRADE,6055.25,2
2024-12-15 23:05:55.731249,TRADE,6055.25,4
2024-12-15 23:05:56.767320,TRADE,6055.25,4
2024-12-15 23:05:56.767320,TRADE,6055.5,4
2024-12-15 23:05:56.767793,TRADE,6055.25,1
2024-12-15 23:05:56.768050,TRADE,6055.25,1
2024-12-15 23:05:58.066299,TRADE,6055.25,1
2024-12-15 23:05:59.211693,TRADE,6055.0,1
2024-12-15 23:05:59.213973,TRADE,6055.0,1
2024-12-15 23:06:00.198989,TRADE,6055.25,1
2024-12-15 23:06:00.199275,TRADE,6055.25,1
2024-12-15 23:06:00.324777,TRADE,6055.5,3
2024-12-15 23:06:00.394670,TRADE,6055.5,6
2024-12-15 23:06:01.943003,TRADE,6055.25,1
2024-12-15 23:06:01.944234,TRADE,6055.25,1
2024-12-15 23:06:01.983193,TRADE,6055.5,1
2024-12-15 23:06:02.272877,TRADE,6055.25,2
2024-12-15 23:06:02.273668,TRADE,6055.25,1
2024-12-15 23:06:02.276624,TRADE,6055.25,2
2024-12-15 23:06:02.276951,TRADE,6055.25,3
2024-12-15 23:06:02.277249,TRADE,6055.25,1
2024-12-15 23:06:03.444058,TRADE,6055.5,1
2024-12-15 23:06:03.942375,TRADE,6055.25,1
2024-12-15 23:06:03.948452,TRADE,6055.25,2
2024-12-15 23:06:03.950322,TRADE,6055.25,1
2024-12-15 23:06:04.229700,TRADE,6055.25,2
2024-12-15 23:06:04.230044,TRADE,6055.25,1
2024-12-15 23:06:04.989419,TRADE,6055.25,1
2024-12-15 23:06:04.989726,TRADE,6055.25,1
2024-12-15 23:06:06.159448,TRADE,6055.5,1
2024-12-15 23:06:08.375143,TRADE,6055.5,1
2024-12-15 23:06:09.461082,TRADE,6055.5,2
2024-12-15 23:06:09.461544,TRADE,6055.75,2
2024-12-15 23:06:09.963162,TRADE,6055.5,1
2024-12-15 23:06:09.963442,TRADE,6055.5,1
2024-12-15 23:06:09.963647,TRADE,6055.5,1
2024-12-15 23:06:09.964042,TRADE,6055.5,2
2024-12-15 23:06:09.975996,TRADE,6055.5,4
2024-12-15 23:06:10.261997,TRADE,6055.5,1
2024-12-15 23:06:12.385424,TRADE,6055.5,10
2024-12-15 23:06:12.385664,TRADE,6055.75,2
2024-12-15 23:06:12.385785,TRADE,6055.75,1
2024-12-15 23:06:12.386309,TRADE,6055.5,1
2024-12-15 23:06:12.390500,TRADE,6055.75,1
2024-12-15 23:06:12.834068,TRADE,6055.5,8
2024-12-15 23:06:12.835684,TRADE,6055.25,1
2024-12-15 23:06:13.675257,TRADE,6055.5,4
2024-12-15 23:06:13.675585,TRADE,6055.5,1
2024-12-15 23:06:13.675696,TRADE,6055.5,1
2024-12-15 23:06:13.675912,TRADE,6055.5,5
2024-12-15 23:06:13.759301,TRADE,6055.75,3
2024-12-15 23:06:13.759301,TRADE,6056.0,2
2024-12-15 23:06:13.759316,TRADE,6056.0,4
2024-12-15 23:06:13.759316,TRADE,6056.0,1
2024-12-15 23:06:13.759316,TRADE,6056.0,1
2024-12-15 23:06:13.759316,TRADE,6056.0,2
2024-12-15 23:06:13.759316,TRADE,6056.0,15
2024-12-15 23:06:13.849957,TRADE,6055.5,1
2024-12-15 23:06:14.324799,TRADE,6055.75,2
2024-12-15 23:06:16.972439,TRADE,6056.0,1
2024-12-15 23:06:17.914271,TRADE,6055.75,1
2024-12-15 23:06:18.305008,TRADE,6055.75,1
2024-12-15 23:06:18.447946,TRADE,6056.0,1
2024-12-15 23:06:20.065172,TRADE,6056.0,1
2024-12-15 23:06:20.238719,TRADE,6056.0,1
2024-12-15 23:06:20.857196,TRADE,6055.75,1
2024-12-15 23:06:20.857207,TRADE,6055.75,1
2024-12-15 23:06:22.946332,TRADE,6056.0,12
2024-12-15 23:06:22.946332,TRADE,6056.25,26
2024-12-15 23:06:22.946332,TRADE,6056.5,12
2024-12-15 23:06:22.946460,TRADE,6056.5,1
2024-12-15 23:06:22.948424,TRADE,6056.25,2
2024-12-15 23:06:22.948882,TRADE,6056.25,1
2024-12-15 23:06:22.949923,TRADE,6056.25,3
2024-12-15 23:06:24.896882,TRADE,6056.25,1
2024-12-15 23:06:24.897229,TRADE,6056.25,1
2024-12-15 23:06:26.068202,TRADE,6056.25,1
2024-12-15 23:06:26.068282,TRADE,6056.25,1
2024-12-15 23:06:26.068398,TRADE,6056.25,1
2024-12-15 23:06:26.258185,TRADE,6056.25,7
2024-12-15 23:06:26.258185,TRADE,6056.0,8
2024-12-15 23:06:26.690091,TRADE,6056.0,1
2024-12-15 23:06:29.600645,TRADE,6056.25,1
2024-12-15 23:06:30.423375,TRADE,6056.0,1
2024-12-15 23:06:32.514914,TRADE,6056.0,1
2024-12-15 23:06:35.756497,TRADE,6056.25,1
2024-12-15 23:06:35.756955,TRADE,6056.25,1
2024-12-15 23:06:35.757808,TRADE,6056.25,3
2024-12-15 23:06:35.758116,TRADE,6056.25,1
2024-12-15 23:06:35.802870,TRADE,6056.0,1
2024-12-15 23:06:35.937469,TRADE,6056.5,3
2024-12-15 23:06:35.939483,TRADE,6056.25,3
2024-12-15 23:06:37.175961,TRADE,6056.25,1
2024-12-15 23:06:37.175961,TRADE,6056.5,17
2024-12-15 23:06:37.175961,TRADE,6056.75,27
2024-12-15 23:06:37.175961,TRADE,6057.0,5
2024-12-15 23:06:37.176159,TRADE,6057.0,1
2024-12-15 23:06:37.177515,TRADE,6056.5,1
2024-12-15 23:06:37.178113,TRADE,6056.5,1
2024-12-15 23:06:37.179198,TRADE,6056.75,2
2024-12-15 23:06:37.179725,TRADE,6056.75,1
2024-12-15 23:06:37.180097,TRADE,6056.75,1
2024-12-15 23:06:37.536374,TRADE,6056.75,2
2024-12-15 23:06:38.836671,TRADE,6056.5,1
2024-12-15 23:06:41.861105,TRADE,6056.5,1
2024-12-15 23:06:45.222484,TRADE,6056.5,1
2024-12-15 23:06:46.655984,TRADE,6056.5,1
2024-12-15 23:06:46.656271,TRADE,6056.5,1
2024-12-15 23:06:46.656401,TRADE,6056.5,2
2024-12-15 23:06:46.656513,TRADE,6056.5,1
2024-12-15 23:06:46.772865,TRADE,6056.5,3
2024-12-15 23:06:46.773144,TRADE,6056.5,1
2024-12-15 23:06:47.945240,TRADE,6056.5,4
2024-12-15 23:06:52.302588,TRADE,6056.25,5
2024-12-15 23:06:53.560861,TRADE,6056.5,3
2024-12-15 23:06:53.561207,TRADE,6056.5,1
2024-12-15 23:06:54.372820,TRADE,6056.5,1
2024-12-15 23:06:54.373158,TRADE,6056.5,1
2024-12-15 23:06:55.141442,TRADE,6056.75,4
2024-12-15 23:06:55.816685,TRADE,6056.5,4
2024-12-15 23:06:55.816685,TRADE,6056.25,4
2024-12-15 23:06:57.716790,TRADE,6056.5,1
2024-12-15 23:06:58.609766,TRADE,6056.5,6
2024-12-15 23:06:58.610083,TRADE,6056.5,1
2024-12-15 23:06:58.966459,TRADE,6056.5,1
2024-12-15 23:06:58.966781,TRADE,6056.5,1
2024-12-15 23:07:00.460211,TRADE,6056.5,2
2024-12-15 23:07:00.460211,TRADE,6056.75,3
2024-12-15 23:07:00.461029,TRADE,6056.5,3
2024-12-15 23:07:00.461311,TRADE,6056.5,1
2024-12-15 23:07:14.274830,TRADE,6056.75,1
2024-12-15 23:07:17.430109,TRADE,6056.75,1
2024-12-15 23:07:20.884740,TRADE,6056.5,1
2024-12-15 23:07:20.884913,TRADE,6056.5,1
2024-12-15 23:07:20.884997,TRADE,6056.5,1
2024-12-15 23:07:20.885321,TRADE,6056.5,1
2024-12-15 23:07:20.885436,TRADE,6056.5,4
2024-12-15 23:07:20.885803,TRADE,6056.5,2
2024-12-15 23:07:22.273306,TRADE,6056.25,1
2024-12-15 23:07:22.397365,TRADE,6056.25,1
2024-12-15 23:07:22.397697,TRADE,6056.25,1
2024-12-15 23:07:22.397793,TRADE,6056.25,1
2024-12-15 23:07:25.123745,TRADE,6056.0,2
2024-12-15 23:07:25.126096,TRADE,6056.0,7
2024-12-15 23:07:26.245271,TRADE,6055.75,2
2024-12-15 23:07:26.245282,TRADE,6055.75,1
2024-12-15 23:07:31.940631,TRADE,6055.75,1
2024-12-15 23:07:46.997476,TRADE,6055.75,2
2024-12-15 23:07:48.464011,TRADE,6055.5,2
2024-12-15 23:07:48.464142,TRADE,6055.5,1
2024-12-15 23:07:48.464363,TRADE,6055.5,1
2024-12-15 23:07:48.464417,TRADE,6055.5,1
2024-12-15 23:07:48.464543,TRADE,6055.5,1
2024-12-15 23:07:48.904008,TRADE,6055.25,4
2024-12-15 23:07:48.904042,TRADE,6055.25,1
2024-12-15 23:07:51.393570,TRADE,6055.5,32
2024-12-15 23:07:51.393570,TRADE,6055.75,3
2024-12-15 23:07:54.421547,TRADE,6055.75,3
2024-12-15 23:07:54.422012,TRADE,6055.75,1
2024-12-15 23:07:54.422281,TRADE,6055.75,1
2024-12-15 23:07:54.957208,TRADE,6055.75,1
2024-12-15 23:08:00.506553,TRADE,6056.0,4
2024-12-15 23:08:00.507401,TRADE,6056.0,5
2024-12-15 23:08:00.507478,TRADE,6056.0,1
2024-12-15 23:08:00.507732,TRADE,6056.0,1
2024-12-15 23:08:03.957316,TRADE,6056.25,1
2024-12-15 23:08:14.228376,TRADE,6056.0,1
2024-12-15 23:08:16.908732,TRADE,6056.25,5
2024-12-15 23:08:16.909150,TRADE,6056.25,1
2024-12-15 23:08:19.945227,TRADE,6056.0,1
2024-12-15 23:08:21.286583,TRADE,6056.0,1
2024-12-15 23:08:22.552928,TRADE,6056.0,1
2024-12-15 23:08:29.375129,TRADE,6056.25,1
2024-12-15 23:08:29.401351,TRADE,6055.75,1
2024-12-15 23:08:29.412448,TRADE,6055.75,1
2024-12-15 23:08:29.422872,TRADE,6055.75,2
2024-12-15 23:08:29.468919,TRADE,6056.0,2
2024-12-15 23:08:29.469177,TRADE,6056.0,1
2024-12-15 23:08:29.560488,TRADE,6056.0,1
2024-12-15 23:08:36.372458,TRADE,6055.75,1
2024-12-15 23:08:40.472536,TRADE,6055.75,1
2024-12-15 23:08:42.021149,TRADE,6056.0,2
2024-12-15 23:08:45.568486,TRADE,6056.0,1
2024-12-15 23:08:56.477114,TRADE,6055.75,1
2024-12-15 23:08:59.719636,TRADE,6055.75,1
2024-12-15 23:09:00.770600,TRADE,6056.0,4
2024-12-15 23:09:00.771044,TRADE,6056.0,1
2024-12-15 23:09:00.771129,TRADE,6056.0,2
2024-12-15 23:09:00.771265,TRADE,6056.0,1
2024-12-15 23:09:00.771359,TRADE,6056.0,1
2024-12-15 23:09:00.771531,TRADE,6056.0,1
2024-12-15 23:09:00.771732,TRADE,6056.0,2
2024-12-15 23:09:01.383018,TRADE,6056.25,1
2024-12-15 23:09:06.579464,TRADE,6056.0,1
2024-12-15 23:09:11.268781,TRADE,6056.25,1
2024-12-15 23:09:20.663312,TRADE,6056.0,1
2024-12-15 23:09:24.465609,TRADE,6056.0,1
2024-12-15 23:09:35.543945,TRADE,6056.0,1
2024-12-15 23:09:37.612398,TRADE,6056.0,1
2024-12-15 23:09:38.459508,TRADE,6056.0,1
2024-12-15 23:09:44.785377,TRADE,6056.0,1
2024-12-15 23:09:44.785670,TRADE,6056.0,1
2024-12-15 23:09:44.786138,TRADE,6056.0,5
2024-12-15 23:09:45.036503,TRADE,6056.0,1
2024-12-15 23:09:45.036799,TRADE,6056.0,1
2024-12-15 23:09:45.036960,TRADE,6056.0,1
2024-12-15 23:09:46.477238,TRADE,6056.0,5
2024-12-15 23:09:56.471329,TRADE,6056.0,1
2024-12-15 23:09:56.471859,TRADE,6056.0,1
2024-12-15 23:09:57.087463,TRADE,6056.0,1
2024-12-15 23:10:00.367385,TRADE,6056.25,4
2024-12-15 23:10:04.982895,TRADE,6056.0,1
2024-12-15 23:10:05.007106,TRADE,6056.25,1
2024-12-15 23:10:08.456698,TRADE,6056.25,1
2024-12-15 23:10:08.456828,TRADE,6056.25,1
2024-12-15 23:10:08.456989,TRADE,6056.25,1
2024-12-15 23:10:08.457258,TRADE,6056.25,1
2024-12-15 23:10:10.400076,TRADE,6056.25,1
2024-12-15 23:10:10.400174,TRADE,6056.25,1
2024-12-15 23:10:10.400272,TRADE,6056.25,1
2024-12-15 23:10:10.400401,TRADE,6056.25,1
2024-12-15 23:10:10.400732,TRADE,6056.25,3
2024-12-15 23:10:10.401031,TRADE,6056.25,1
2024-12-15 23:10:10.406389,TRADE,6056.25,1
2024-12-15 23:10:13.371535,TRADE,6056.5,1
2024-12-15 23:10:14.007508,TRADE,6056.5,1
2024-12-15 23:10:14.274677,TRADE,6056.5,2
2024-12-15 23:10:16.911218,TRADE,6056.5,2
2024-12-15 23:10:17.287537,TRADE,6056.25,2
2024-12-15 23:10:22.914967,TRADE,6056.0,2
2024-12-15 23:10:22.917701,TRADE,6056.0,1
2024-12-15 23:10:22.918104,TRADE,6056.0,1
2024-12-15 23:10:22.918395,TRADE,6056.0,1
2024-12-15 23:10:27.235813,TRADE,6055.75,2
2024-12-15 23:10:28.781880,TRADE,6055.75,2
2024-12-15 23:10:32.620803,TRADE,6055.75,6
2024-12-15 23:10:32.621507,TRADE,6055.75,1
2024-12-15 23:10:32.622672,TRADE,6055.75,2
2024-12-15 23:10:33.013000,TRADE,6055.75,3
2024-12-15 23:10:38.115294,TRADE,6055.75,1
2024-12-15 23:10:42.833593,TRADE,6055.75,4
2024-12-15 23:10:42.833995,TRADE,6055.75,1
2024-12-15 23:10:44.864316,TRADE,6055.75,1
2024-12-15 23:10:50.828984,TRADE,6055.5,2
2024-12-15 23:10:51.004807,TRADE,6055.5,2
2024-12-15 23:10:53.326132,TRADE,6055.5,4
2024-12-15 23:10:53.326490,TRADE,6055.5,12
2024-12-15 23:10:55.282598,TRADE,6055.5,1
2024-12-15 23:10:55.282889,TRADE,6055.5,1
2024-12-15 23:10:56.492825,TRADE,6055.25,5
2024-12-15 23:10:56.493195,TRADE,6055.25,20
2024-12-15 23:10:56.711946,TRADE,6055.0,5
2024-12-15 23:10:56.711958,TRADE,6054.75,1
2024-12-15 23:10:58.177854,TRADE,6055.0,1
2024-12-15 23:11:00.433319,TRADE,6055.0,3
2024-12-15 23:11:02.392025,TRADE,6054.75,1
2024-12-15 23:11:02.722205,TRADE,6055.0,2
2024-12-15 23:11:04.778995,TRADE,6054.75,1
2024-12-15 23:11:05.244022,TRADE,6055.0,1
2024-12-15 23:11:08.319885,TRADE,6054.75,1
2024-12-15 23:11:08.320856,TRADE,6054.75,4
2024-12-15 23:11:08.345946,TRADE,6054.5,1
2024-12-15 23:11:12.011188,TRADE,6054.5,6
2024-12-15 23:11:12.978542,TRADE,6054.25,3
2024-12-15 23:11:20.441232,TRADE,6054.0,4
2024-12-15 23:11:21.033485,TRADE,6054.25,1
2024-12-15 23:11:21.557948,TRADE,6054.25,1
2024-12-15 23:11:21.558542,TRADE,6054.25,5
2024-12-15 23:11:21.559463,TRADE,6054.25,1
2024-12-15 23:11:28.292498,TRADE,6054.5,2
2024-12-15 23:11:32.147552,TRADE,6054.5,1
2024-12-15 23:11:32.148220,TRADE,6054.5,1
2024-12-15 23:11:32.148325,TRADE,6054.5,1
2024-12-15 23:11:32.148482,TRADE,6054.5,1
2024-12-15 23:11:32.148609,TRADE,6054.5,1
2024-12-15 23:11:32.728474,TRADE,6054.5,1
2024-12-15 23:11:37.449208,TRADE,6054.5,1
2024-12-15 23:11:42.951238,TRADE,6054.25,3
2024-12-15 23:11:45.839996,TRADE,6054.5,1
2024-12-15 23:11:56.584913,TRADE,6054.5,1
2024-12-15 23:11:56.585569,TRADE,6054.5,1
2024-12-15 23:11:56.585934,TRADE,6054.5,1
2024-12-15 23:11:57.957246,TRADE,6054.25,3
2024-12-15 23:12:00.390448,TRADE,6054.5,3
2024-12-15 23:12:01.281417,TRADE,6054.25,3
2024-12-15 23:12:01.281541,TRADE,6054.25,1
2024-12-15 23:12:01.281637,TRADE,6054.25,1
2024-12-15 23:12:01.281879,TRADE,6054.25,11
2024-12-15 23:12:11.825641,TRADE,6054.0,1
2024-12-15 23:12:12.096258,TRADE,6054.0,1
2024-12-15 23:12:12.096528,TRADE,6054.0,1
2024-12-15 23:12:12.096818,TRADE,6054.0,1
2024-12-15 23:12:12.097165,TRADE,6054.0,11
2024-12-15 23:12:18.229208,TRADE,6054.0,1
2024-12-15 23:12:30.274373,TRADE,6054.0,2
2024-12-15 23:12:37.127539,TRADE,6054.25,1
2024-12-15 23:12:40.243515,TRADE,6054.0,2
2024-12-15 23:12:42.618486,TRADE,6054.0,2
2024-12-15 23:12:42.618707,TRADE,6054.0,1
2024-12-15 23:12:42.618807,TRADE,6054.0,1
2024-12-15 23:12:42.619032,TRADE,6054.0,3
2024-12-15 23:12:51.773377,TRADE,6053.75,1
2024-12-15 23:12:56.169958,TRADE,6053.75,1
2024-12-15 23:12:56.170260,TRADE,6053.75,1
2024-12-15 23:12:56.170337,TRADE,6053.75,1
2024-12-15 23:12:56.170469,TRADE,6053.75,1
2024-12-15 23:12:57.501004,TRADE,6053.75,6
2024-12-15 23:13:00.837253,TRADE,6053.75,3
2024-12-15 23:13:05.171862,TRADE,6053.75,7
2024-12-15 23:13:05.200297,TRADE,6053.75,1
2024-12-15 23:13:05.531052,TRADE,6053.75,1
2024-12-15 23:13:07.053633,TRADE,6054.0,15
2024-12-15 23:13:07.053651,TRADE,6054.0,1
2024-12-15 23:13:07.055330,TRADE,6054.0,1
2024-12-15 23:13:07.056788,TRADE,6054.25,1
2024-12-15 23:13:07.056940,TRADE,6054.25,3
2024-12-15 23:13:07.057243,TRADE,6054.25,1
2024-12-15 23:13:07.057507,TRADE,6054.25,1
2024-12-15 23:13:08.346993,TRADE,6054.0,10
2024-12-15 23:13:14.101203,TRADE,6054.0,1
2024-12-15 23:13:26.025236,TRADE,6053.75,1
2024-12-15 23:13:26.025485,TRADE,6053.75,1
2024-12-15 23:13:26.025584,TRADE,6053.75,1
2024-12-15 23:13:26.025714,TRADE,6053.75,1
2024-12-15 23:13:27.340172,TRADE,6053.75,2
2024-12-15 23:13:27.340898,TRADE,6053.75,1
2024-12-15 23:13:27.341325,TRADE,6053.75,1
2024-12-15 23:13:27.341587,TRADE,6053.75,1
2024-12-15 23:13:27.341780,TRADE,6053.75,1
2024-12-15 23:13:28.787360,TRADE,6053.75,2
2024-12-15 23:13:32.753077,TRADE,6053.75,1
2024-12-15 23:13:46.318231,TRADE,6053.75,7
2024-12-15 23:13:46.318231,TRADE,6053.5,3
2024-12-15 23:13:51.239694,TRADE,6053.5,4
2024-12-15 23:13:53.017696,TRADE,6053.5,1
2024-12-15 23:14:00.396665,TRADE,6053.75,2
2024-12-15 23:14:12.829609,TRADE,6053.5,2
2024-12-15 23:14:13.552984,TRADE,6053.5,6
2024-12-15 23:14:19.368453,TRADE,6053.25,2
2024-12-15 23:14:22.129148,TRADE,6053.5,1
2024-12-15 23:14:22.129417,TRADE,6053.5,1
2024-12-15 23:14:22.129782,TRADE,6053.5,6
2024-12-15 23:14:22.233930,TRADE,6053.75,9
2024-12-15 23:14:22.234533,TRADE,6053.75,1
2024-12-15 23:14:28.214041,TRADE,6053.75,4
2024-12-15 23:14:31.908232,TRADE,6053.75,1
2024-12-15 23:14:32.829031,TRADE,6054.0,20
2024-12-15 23:14:38.821264,TRADE,6054.25,10
2024-12-15 23:14:38.821510,TRADE,6054.25,1
2024-12-15 23:14:38.843820,TRADE,6054.25,1
2024-12-15 23:14:47.823039,TRADE,6054.25,1
2024-12-15 23:14:48.089565,TRADE,6054.25,1
2024-12-15 23:14:48.638484,TRADE,6054.0,4
2024-12-15 23:14:48.639331,TRADE,6054.0,1
2024-12-15 23:14:52.398870,TRADE,6054.0,1
2024-12-15 23:14:52.399236,TRADE,6054.0,1
2024-12-15 23:14:52.399332,TRADE,6054.0,1
2024-12-15 23:15:00.873305,TRADE,6054.0,2
2024-12-15 23:15:01.026551,TRADE,6054.0,1
2024-12-15 23:15:10.813042,TRADE,6054.0,1
2024-12-15 23:15:15.256466,TRADE,6053.75,1
2024-12-15 23:15:15.256940,TRADE,6053.75,11
2024-12-15 23:15:15.256978,TRADE,6053.75,1
2024-12-15 23:15:16.129220,TRADE,6053.5,2
2024-12-15 23:15:16.130758,TRADE,6053.5,1
2024-12-15 23:15:21.578239,TRADE,6053.25,7
2024-12-15 23:15:21.578612,TRADE,6053.25,2
2024-12-15 23:15:23.647459,TRADE,6053.25,1
2024-12-15 23:15:24.732787,TRADE,6053.25,1
2024-12-15 23:15:30.744979,TRADE,6053.25,1
2024-12-15 23:15:30.745160,TRADE,6053.25,2
2024-12-15 23:15:30.745414,TRADE,6053.25,1
2024-12-15 23:15:30.745578,TRADE,6053.25,1
2024-12-15 23:15:30.746279,TRADE,6053.25,1
2024-12-15 23:15:30.746900,TRADE,6053.25,2
2024-12-15 23:15:30.747108,TRADE,6053.25,3
2024-12-15 23:15:30.857754,TRADE,6053.0,1
2024-12-15 23:15:30.857779,TRADE,6053.0,1
2024-12-15 23:15:30.858982,TRADE,6053.25,1
2024-12-15 23:15:30.859410,TRADE,6053.25,3
2024-12-15 23:15:30.860037,TRADE,6053.25,1
2024-12-15 23:15:30.860213,TRADE,6053.25,1
2024-12-15 23:15:35.076955,TRADE,6053.25,1
2024-12-15 23:15:35.378318,TRADE,6053.25,2
2024-12-15 23:15:35.378882,TRADE,6053.25,1
2024-12-15 23:15:35.379309,TRADE,6053.25,1
2024-12-15 23:15:37.316001,TRADE,6053.25,1
2024-12-15 23:15:38.242953,TRADE,6053.0,1
2024-12-15 23:15:43.332869,TRADE,6053.25,1
2024-12-15 23:15:44.857937,TRADE,6053.25,1
2024-12-15 23:15:46.330591,TRADE,6053.25,5
2024-12-15 23:15:46.330977,TRADE,6053.25,1
2024-12-15 23:15:46.331075,TRADE,6053.25,1
2024-12-15 23:15:46.331349,TRADE,6053.25,2
2024-12-15 23:15:46.331673,TRADE,6053.25,1
2024-12-15 23:15:46.332624,TRADE,6053.25,2
2024-12-15 23:15:46.742883,TRADE,6053.25,1
2024-12-15 23:15:47.777199,TRADE,6053.5,2
2024-12-15 23:15:47.777406,TRADE,6053.5,1
2024-12-15 23:15:47.777559,TRADE,6053.5,3
2024-12-15 23:15:47.777912,TRADE,6053.5,1
2024-12-15 23:15:47.778403,TRADE,6053.5,1
2024-12-15 23:15:47.778607,TRADE,6053.5,1
2024-12-15 23:15:47.778822,TRADE,6053.5,1
2024-12-15 23:15:47.779202,TRADE,6053.5,1
2024-12-15 23:15:55.357364,TRADE,6053.25,10
2024-12-15 23:15:55.357850,TRADE,6053.25,1
2024-12-15 23:15:55.358052,TRADE,6053.25,1
2024-12-15 23:15:55.358197,TRADE,6053.25,1
2024-12-15 23:16:00.444365,TRADE,6053.25,2
2024-12-15 23:16:04.539209,TRADE,6053.5,2
2024-12-15 23:16:08.049016,TRADE,6053.75,2
2024-12-15 23:16:11.457677,TRADE,6053.5,10
2024-12-15 23:16:13.580587,TRADE,6053.25,2
2024-12-15 23:16:25.366634,TRADE,6053.0,1
2024-12-15 23:16:25.366996,TRADE,6053.0,5
2024-12-15 23:16:25.367120,TRADE,6053.0,1
2024-12-15 23:16:25.367424,TRADE,6053.0,1
2024-12-15 23:16:25.372077,TRADE,6053.0,2
2024-12-15 23:16:31.586415,TRADE,6053.0,1
2024-12-15 23:16:37.492303,TRADE,6053.25,1
2024-12-15 23:16:37.492350,TRADE,6053.25,1
2024-12-15 23:16:37.492350,TRADE,6053.25,1
2024-12-15 23:16:37.495273,TRADE,6053.25,2
2024-12-15 23:16:45.837561,TRADE,6053.25,1
2024-12-15 23:16:47.269098,TRADE,6053.25,1
2024-12-15 23:16:47.389505,TRADE,6053.5,1
2024-12-15 23:16:56.627739,TRADE,6053.5,1
2024-12-15 23:16:56.627775,TRADE,6053.5,1
2024-12-15 23:16:56.627832,TRADE,6053.5,1
2024-12-15 23:16:56.627951,TRADE,6053.5,1
2024-12-15 23:16:56.628046,TRADE,6053.5,1
2024-12-15 23:17:00.387136,TRADE,6053.75,2
2024-12-15 23:17:02.688282,TRADE,6053.75,1
2024-12-15 23:17:14.955155,TRADE,6053.75,1
2024-12-15 23:17:20.912247,TRADE,6053.5,1
2024-12-15 23:17:35.109670,TRADE,6053.5,7
2024-12-15 23:17:35.142026,TRADE,6053.5,1
2024-12-15 23:17:37.185881,TRADE,6053.25,3
2024-12-15 23:17:48.021491,TRADE,6053.0,6
2024-12-15 23:17:48.022672,TRADE,6053.0,1
2024-12-15 23:17:48.022861,TRADE,6053.0,1
2024-12-15 23:17:48.023778,TRADE,6053.0,1
2024-12-15 23:17:48.024147,TRADE,6053.0,1
2024-12-15 23:17:48.024654,TRADE,6053.0,1
2024-12-15 23:17:48.025023,TRADE,6053.0,1
2024-12-15 23:18:00.437302,TRADE,6053.25,2
2024-12-15 23:18:01.680984,TRADE,6053.0,1
2024-12-15 23:18:02.008802,TRADE,6053.25,8
2024-12-15 23:18:02.464346,TRADE,6053.25,1
2024-12-15 23:18:02.465225,TRADE,6053.25,8
2024-12-15 23:18:02.465674,TRADE,6053.25,1
2024-12-15 23:18:02.478914,TRADE,6053.25,1
2024-12-15 23:18:10.905352,TRADE,6053.5,5
2024-12-15 23:18:27.188474,TRADE,6053.5,2
2024-12-15 23:18:27.188953,TRADE,6053.5,1
2024-12-15 23:18:30.736155,TRADE,6053.5,1
2024-12-15 23:18:30.736536,TRADE,6053.5,1
2024-12-15 23:18:31.197019,TRADE,6053.75,1
2024-12-15 23:18:34.819059,TRADE,6053.5,8
2024-12-15 23:18:34.819059,TRADE,6053.25,12
2024-12-15 23:18:34.820319,TRADE,6053.25,1
2024-12-15 23:18:34.820954,TRADE,6053.25,1
2024-12-15 23:18:34.821641,TRADE,6053.25,1
2024-12-15 23:18:34.821716,TRADE,6053.25,1
2024-12-15 23:18:34.822044,TRADE,6053.25,2
2024-12-15 23:18:34.936553,TRADE,6053.25,1
2024-12-15 23:18:34.936879,TRADE,6053.25,1
2024-12-15 23:18:34.937035,TRADE,6053.25,1
2024-12-15 23:18:41.951885,TRADE,6053.5,1
2024-12-15 23:18:44.385904,TRADE,6053.25,3
2024-12-15 23:19:00.405743,TRADE,6053.5,1
2024-12-15 23:19:01.673606,TRADE,6053.5,1
2024-12-15 23:19:01.674231,TRADE,6053.5,1
2024-12-15 23:19:01.675160,TRADE,6053.5,5
2024-12-15 23:19:01.677398,TRADE,6053.75,1
2024-12-15 23:19:04.004724,TRADE,6053.75,1
2024-12-15 23:19:04.005493,TRADE,6053.75,1
2024-12-15 23:19:04.006125,TRADE,6053.75,15
2024-12-15 23:19:04.006340,TRADE,6053.75,1
2024-12-15 23:19:04.006340,TRADE,6053.75,1
2024-12-15 23:19:04.006960,TRADE,6053.75,1
2024-12-15 23:19:04.975102,TRADE,6054.0,3
2024-12-15 23:19:05.945530,TRADE,6054.0,1
2024-12-15 23:19:05.953309,TRADE,6053.75,1
2024-12-15 23:19:07.859145,TRADE,6054.0,1
2024-12-15 23:19:09.083018,TRADE,6054.0,3
2024-12-15 23:19:11.363031,TRADE,6054.0,1
2024-12-15 23:19:11.799743,TRADE,6054.0,4
2024-12-15 23:19:14.610234,TRADE,6054.0,3
2024-12-15 23:19:14.610593,TRADE,6054.0,1
2024-12-15 23:19:14.610676,TRADE,6054.0,1
2024-12-15 23:19:14.611030,TRADE,6054.0,1
2024-12-15 23:19:17.109138,TRADE,6054.0,1
2024-12-15 23:19:17.109381,TRADE,6054.0,1
2024-12-15 23:19:17.239342,TRADE,6054.25,1
2024-12-15 23:19:17.257252,TRADE,6054.25,1
2024-12-15 23:19:17.978657,TRADE,6054.0,7
2024-12-15 23:19:20.308910,TRADE,6054.0,1
2024-12-15 23:19:20.816715,TRADE,6054.0,8
2024-12-15 23:19:20.817352,TRADE,6054.0,1
2024-12-15 23:19:25.541809,TRADE,6054.0,5
2024-12-15 23:19:29.889458,TRADE,6053.75,1
2024-12-15 23:20:00.517682,TRADE,6054.0,1
2024-12-15 23:20:01.469333,TRADE,6054.0,1
2024-12-15 23:20:05.453161,TRADE,6053.75,1
2024-12-15 23:20:08.553246,TRADE,6053.75,1
2024-12-15 23:20:10.969319,TRADE,6054.0,1
2024-12-15 23:20:10.969605,TRADE,6054.0,6
2024-12-15 23:20:14.487200,TRADE,6054.25,2
2024-12-15 23:20:14.487600,TRADE,6054.25,1
2024-12-15 23:20:14.487939,TRADE,6054.25,1
2024-12-15 23:20:15.685425,TRADE,6054.25,1
2024-12-15 23:20:15.685702,TRADE,6054.25,1
2024-12-15 23:20:15.685798,TRADE,6054.25,1
2024-12-15 23:20:15.685976,TRADE,6054.25,1
2024-12-15 23:20:17.846268,TRADE,6054.25,1
2024-12-15 23:20:17.893677,TRADE,6054.25,2
2024-12-15 23:20:18.220172,TRADE,6054.25,2
2024-12-15 23:20:19.969478,TRADE,6054.25,1
2024-12-15 23:20:24.261902,TRADE,6054.5,10
2024-12-15 23:20:24.261915,TRADE,6054.5,2
2024-12-15 23:20:24.262013,TRADE,6054.5,3
2024-12-15 23:20:25.363494,TRADE,6054.5,2
2024-12-15 23:20:30.396370,TRADE,6054.25,2
2024-12-15 23:20:38.267921,TRADE,6054.5,1
2024-12-15 23:20:41.426339,TRADE,6054.25,8
2024-12-15 23:20:46.481014,TRADE,6054.25,1
2024-12-15 23:20:46.481702,TRADE,6054.25,1
2024-12-15 23:21:00.444831,TRADE,6054.25,1
2024-12-15 23:21:04.682315,TRADE,6054.25,2
2024-12-15 23:21:05.129486,TRADE,6054.5,1
2024-12-15 23:21:06.559456,TRADE,6054.5,1
2024-12-15 23:21:09.811852,TRADE,6054.5,2
2024-12-15 23:21:10.305216,TRADE,6054.75,1
2024-12-15 23:21:13.048870,TRADE,6054.5,2
2024-12-15 23:21:13.129117,TRADE,6054.5,1
2024-12-15 23:21:20.667830,TRADE,6054.5,3
2024-12-15 23:21:23.840967,TRADE,6054.75,3
2024-12-15 23:21:23.841047,TRADE,6054.75,1
2024-12-15 23:21:23.841199,TRADE,6054.75,3
2024-12-15 23:21:23.841551,TRADE,6054.75,1
2024-12-15 23:21:26.865662,TRADE,6054.75,2
2024-12-15 23:21:27.313609,TRADE,6054.75,1
2024-12-15 23:21:32.571231,TRADE,6054.75,1
2024-12-15 23:21:33.313453,TRADE,6054.75,1
2024-12-15 23:21:45.546371,TRADE,6055.0,1
2024-12-15 23:21:45.547592,TRADE,6055.0,1
2024-12-15 23:21:45.547698,TRADE,6055.0,1
2024-12-15 23:21:47.476811,TRADE,6055.0,1
2024-12-15 23:21:48.009786,TRADE,6055.0,2
2024-12-15 23:21:52.425121,TRADE,6055.25,1
2024-12-15 23:21:59.723895,TRADE,6055.25,7
2024-12-15 23:21:59.725168,TRADE,6055.25,1
2024-12-15 23:22:00.429824,TRADE,6055.5,1
2024-12-15 23:22:02.515592,TRADE,6055.25,2
2024-12-15 23:22:02.515856,TRADE,6055.25,4
2024-12-15 23:22:02.521575,TRADE,6055.25,1
2024-12-15 23:22:10.452362,TRADE,6055.5,1
2024-12-15 23:22:11.266082,TRADE,6055.25,1
2024-12-15 23:22:11.635447,TRADE,6055.25,1
2024-12-15 23:22:24.299194,TRADE,6055.5,1
2024-12-15 23:22:24.299465,TRADE,6055.5,1
2024-12-15 23:22:24.299562,TRADE,6055.5,1
2024-12-15 23:22:24.299827,TRADE,6055.5,1
2024-12-15 23:22:24.967380,TRADE,6055.75,3
2024-12-15 23:22:24.967699,TRADE,6055.75,1
2024-12-15 23:22:24.968002,TRADE,6055.75,1
2024-12-15 23:22:24.968190,TRADE,6055.75,1
2024-12-15 23:22:24.968296,TRADE,6055.75,1
2024-12-15 23:22:27.226460,TRADE,6056.0,2
2024-12-15 23:22:27.312343,TRADE,6055.75,1
2024-12-15 23:22:34.323110,TRADE,6056.0,1
2024-12-15 23:22:34.856269,TRADE,6055.75,1
2024-12-15 23:22:36.656115,TRADE,6055.75,3
2024-12-15 23:22:36.803570,TRADE,6055.75,1
2024-12-15 23:22:38.076309,TRADE,6055.75,3
2024-12-15 23:22:38.076309,TRADE,6056.0,14
2024-12-15 23:22:38.077321,TRADE,6056.0,8
2024-12-15 23:22:38.923158,TRADE,6056.0,1
2024-12-15 23:22:41.566550,TRADE,6056.0,1
2024-12-15 23:22:42.080851,TRADE,6055.75,1
2024-12-15 23:22:45.512634,TRADE,6056.0,11
2024-12-15 23:22:45.512634,TRADE,6056.25,22
2024-12-15 23:22:45.512634,TRADE,6056.5,7
2024-12-15 23:22:45.514584,TRADE,6056.25,1
2024-12-15 23:22:45.516454,TRADE,6056.25,2
2024-12-15 23:22:45.602306,TRADE,6056.0,3
2024-12-15 23:22:45.620892,TRADE,6056.25,1
2024-12-15 23:22:47.327441,TRADE,6056.25,1
2024-12-15 23:22:47.327892,TRADE,6056.25,2
2024-12-15 23:22:47.930243,TRADE,6056.5,9
2024-12-15 23:22:47.943540,TRADE,6056.75,1
2024-12-15 23:22:47.944082,TRADE,6056.75,1
2024-12-15 23:22:47.944572,TRADE,6056.75,1
2024-12-15 23:22:47.944837,TRADE,6056.75,1
2024-12-15 23:22:49.803177,TRADE,6056.75,1
2024-12-15 23:22:49.814161,TRADE,6056.5,1
2024-12-15 23:22:52.151351,TRADE,6056.75,5
2024-12-15 23:22:52.444898,TRADE,6056.5,42
2024-12-15 23:22:52.446034,TRADE,6056.25,7
2024-12-15 23:22:52.456781,TRADE,6056.0,1
2024-12-15 23:22:52.457097,TRADE,6056.0,1
2024-12-15 23:22:52.457793,TRADE,6056.0,2
2024-12-15 23:22:52.457906,TRADE,6056.0,1
2024-12-15 23:22:52.458069,TRADE,6056.0,1
2024-12-15 23:22:52.459208,TRADE,6056.0,1
2024-12-15 23:22:54.041935,TRADE,6056.25,4
2024-12-15 23:22:54.043349,TRADE,6056.25,1
2024-12-15 23:22:54.043661,TRADE,6056.25,1
2024-12-15 23:22:54.885773,TRADE,6056.25,2
2024-12-15 23:22:56.470773,TRADE,6056.0,1
2024-12-15 23:22:56.725040,TRADE,6056.25,2
2024-12-15 23:22:57.359863,TRADE,6056.25,1
2024-12-15 23:22:57.617539,TRADE,6056.0,5
2024-12-15 23:23:00.379031,TRADE,6056.0,1
2024-12-15 23:23:05.569662,TRADE,6056.0,1
2024-12-15 23:23:16.708674,TRADE,6056.0,2
2024-12-15 23:23:24.085618,TRADE,6056.0,1
2024-12-15 23:23:27.818474,TRADE,6055.75,6
2024-12-15 23:23:27.818488,TRADE,6055.5,1
2024-12-15 23:23:27.818488,TRADE,6055.5,1
2024-12-15 23:23:27.818488,TRADE,6055.5,1
2024-12-15 23:23:27.818496,TRADE,6055.5,1
2024-12-15 23:23:31.017666,TRADE,6056.0,2
2024-12-15 23:23:35.226700,TRADE,6055.75,2
2024-12-15 23:23:46.485938,TRADE,6055.75,1
2024-12-15 23:23:49.430619,TRADE,6056.0,3
2024-12-15 23:23:59.161855,TRADE,6056.0,1
2024-12-15 23:24:00.440348,TRADE,6056.0,1
2024-12-15 23:24:05.630209,TRADE,6056.0,1
2024-12-15 23:24:05.630328,TRADE,6056.0,1
2024-12-15 23:24:19.561000,TRADE,6056.0,3
2024-12-15 23:24:25.475043,TRADE,6056.25,1
2024-12-15 23:24:37.726085,TRADE,6056.25,1
2024-12-15 23:24:37.728172,TRADE,6056.25,11
2024-12-15 23:24:37.756078,TRADE,6056.25,4
2024-12-15 23:24:37.756277,TRADE,6056.25,1
2024-12-15 23:24:37.756403,TRADE,6056.25,1
2024-12-15 23:24:37.756560,TRADE,6056.25,1
2024-12-15 23:24:37.756839,TRADE,6056.25,1
2024-12-15 23:24:40.331097,TRADE,6056.25,1
2024-12-15 23:24:40.331883,TRADE,6056.25,1
2024-12-15 23:24:41.176703,TRADE,6056.25,1
2024-12-15 23:24:41.609436,TRADE,6056.25,1
2024-12-15 23:24:41.609928,TRADE,6056.25,1
2024-12-15 23:24:41.610050,TRADE,6056.25,1
2024-12-15 23:24:50.775846,TRADE,6056.5,1
2024-12-15 23:24:50.776973,TRADE,6056.5,2
2024-12-15 23:24:50.778396,TRADE,6056.5,1
2024-12-15 23:24:50.808881,TRADE,6056.5,1
2024-12-15 23:24:52.407741,TRADE,6056.5,1
2024-12-15 23:24:55.810962,TRADE,6056.25,1
2024-12-15 23:24:56.059291,TRADE,6056.25,1
2024-12-15 23:24:56.059703,TRADE,6056.25,2
2024-12-15 23:24:56.059810,TRADE,6056.25,1
2024-12-15 23:24:58.015019,TRADE,6056.5,2
2024-12-15 23:24:59.583637,TRADE,6056.5,1
2024-12-15 23:24:59.583970,TRADE,6056.5,1
2024-12-15 23:25:00.307286,TRADE,6056.75,1
2024-12-15 23:25:00.352242,TRADE,6056.5,1
2024-12-15 23:25:05.006839,TRADE,6056.25,1
2024-12-15 23:25:05.113825,TRADE,6056.5,1
2024-12-15 23:25:10.819826,TRADE,6056.75,15
2024-12-15 23:25:10.820712,TRADE,6056.75,1
2024-12-15 23:25:10.821386,TRADE,6056.75,1
2024-12-15 23:25:10.821745,TRADE,6056.75,1
2024-12-15 23:25:10.821897,TRADE,6056.75,1
2024-12-15 23:25:14.928958,TRADE,6056.5,2
2024-12-15 23:25:15.834551,TRADE,6056.5,1
2024-12-15 23:25:15.834551,TRADE,6056.75,9
2024-12-15 23:25:15.837405,TRADE,6056.5,4
2024-12-15 23:25:15.837527,TRADE,6056.5,1
2024-12-15 23:25:15.837627,TRADE,6056.5,1
2024-12-15 23:25:19.598156,TRADE,6056.5,1
2024-12-15 23:25:19.649238,TRADE,6056.5,1
2024-12-15 23:25:25.815724,TRADE,6056.75,2
2024-12-15 23:25:27.790067,TRADE,6056.75,16
2024-12-15 23:25:27.790067,TRADE,6057.0,24
2024-12-15 23:25:27.791241,TRADE,6056.75,1
2024-12-15 23:25:27.791912,TRADE,6056.75,1
2024-12-15 23:25:27.792092,TRADE,6056.75,1
2024-12-15 23:25:27.792297,TRADE,6056.75,1
2024-12-15 23:25:27.792661,TRADE,6056.75,1
2024-12-15 23:25:28.567123,TRADE,6056.75,1
2024-12-15 23:25:41.688883,TRADE,6056.75,2
2024-12-15 23:25:43.235256,TRADE,6056.75,1
2024-12-15 23:25:51.294596,TRADE,6056.5,6
2024-12-15 23:25:55.942585,TRADE,6056.5,1
2024-12-15 23:25:58.183087,TRADE,6056.5,4
2024-12-15 23:25:58.183318,TRADE,6056.5,1
2024-12-15 23:25:58.184211,TRADE,6056.5,1
2024-12-15 23:25:58.365792,TRADE,6056.5,1
2024-12-15 23:26:00.074794,TRADE,6056.75,2
2024-12-15 23:26:00.075248,TRADE,6056.75,3
2024-12-15 23:26:00.075440,TRADE,6056.75,1
2024-12-15 23:26:00.352351,TRADE,6056.75,1
2024-12-15 23:26:00.352351,TRADE,6057.0,1
2024-12-15 23:26:00.667114,TRADE,6056.75,1
2024-12-15 23:26:00.667369,TRADE,6056.75,1
2024-12-15 23:26:05.873101,TRADE,6057.0,1
2024-12-15 23:26:13.001402,TRADE,6056.75,1
2024-12-15 23:26:13.001757,TRADE,6056.75,8
2024-12-15 23:26:13.006642,TRADE,6056.75,3
2024-12-15 23:26:13.007438,TRADE,6056.75,2
2024-12-15 23:26:16.288358,TRADE,6056.75,2
2024-12-15 23:26:20.781199,TRADE,6056.75,15
2024-12-15 23:26:20.781573,TRADE,6056.75,1
2024-12-15 23:26:20.782697,TRADE,6056.75,1
2024-12-15 23:26:20.782769,TRADE,6056.75,1
2024-12-15 23:26:20.782876,TRADE,6056.75,1
2024-12-15 23:26:20.782976,TRADE,6056.75,1
2024-12-15 23:26:20.783044,TRADE,6056.75,1
2024-12-15 23:26:20.783268,TRADE,6056.75,1
2024-12-15 23:26:20.783391,TRADE,6056.75,1
2024-12-15 23:26:20.783702,TRADE,6056.75,1
2024-12-15 23:26:20.784480,TRADE,6056.75,1
2024-12-15 23:26:20.786815,TRADE,6056.75,2
2024-12-15 23:26:20.789684,TRADE,6056.75,1
2024-12-15 23:26:20.918624,TRADE,6056.75,1
2024-12-15 23:26:20.918899,TRADE,6056.75,1
2024-12-15 23:26:21.860882,TRADE,6056.75,1
2024-12-15 23:26:21.862771,TRADE,6056.75,2
2024-12-15 23:26:21.863558,TRADE,6056.75,2
2024-12-15 23:26:21.864079,TRADE,6056.75,1
2024-12-15 23:26:21.864353,TRADE,6056.75,1
2024-12-15 23:26:21.865321,TRADE,6056.75,2
2024-12-15 23:26:22.218228,TRADE,6057.0,22
2024-12-15 23:26:22.219058,TRADE,6057.0,1
2024-12-15 23:26:22.219513,TRADE,6057.0,1
2024-12-15 23:26:22.219857,TRADE,6057.0,1
2024-12-15 23:26:22.220026,TRADE,6057.0,1
2024-12-15 23:26:22.221240,TRADE,6057.0,1
2024-12-15 23:26:23.974524,TRADE,6057.25,1
2024-12-15 23:26:23.974547,TRADE,6057.25,4
2024-12-15 23:26:23.974663,TRADE,6057.25,3
2024-12-15 23:26:23.974773,TRADE,6057.25,1
2024-12-15 23:26:23.975453,TRADE,6057.25,3
2024-12-15 23:26:25.073697,TRADE,6057.25,2
2024-12-15 23:26:27.985788,TRADE,6057.25,2
2024-12-15 23:26:29.114286,TRADE,6057.25,1
2024-12-15 23:26:31.031962,TRADE,6057.25,2
2024-12-15 23:26:36.539537,TRADE,6057.5,1
2024-12-15 23:26:36.539551,TRADE,6057.5,1
2024-12-15 23:26:36.539551,TRADE,6057.5,5
2024-12-15 23:26:36.539551,TRADE,6057.5,1
2024-12-15 23:26:38.404820,TRADE,6057.5,1
2024-12-15 23:26:39.464936,TRADE,6057.5,1
2024-12-15 23:26:39.621957,TRADE,6057.25,29
2024-12-15 23:26:39.621957,TRADE,6057.0,10
2024-12-15 23:26:39.624204,TRADE,6057.0,1
2024-12-15 23:26:39.625256,TRADE,6057.0,1
2024-12-15 23:26:39.633391,TRADE,6057.0,6
2024-12-15 23:26:39.633872,TRADE,6057.0,1
2024-12-15 23:26:39.634572,TRADE,6057.0,1
2024-12-15 23:26:39.635065,TRADE,6057.0,1
2024-12-15 23:26:39.635887,TRADE,6057.0,2
2024-12-15 23:26:39.636144,TRADE,6057.0,1
2024-12-15 23:26:46.906102,TRADE,6057.25,8
2024-12-15 23:26:48.534259,TRADE,6057.25,1
2024-12-15 23:26:48.549533,TRADE,6057.25,5
2024-12-15 23:26:50.837978,TRADE,6057.5,1
2024-12-15 23:26:51.420715,TRADE,6057.5,1
2024-12-15 23:26:54.903342,TRADE,6057.25,5
2024-12-15 23:26:54.906267,TRADE,6057.0,5
2024-12-15 23:26:57.267732,TRADE,6057.25,1
2024-12-15 23:26:57.268182,TRADE,6057.25,1
2024-12-15 23:26:57.268295,TRADE,6057.25,1
2024-12-15 23:26:57.268444,TRADE,6057.25,1
2024-12-15 23:26:57.268547,TRADE,6057.25,2
2024-12-15 23:26:58.220746,TRADE,6057.5,1
2024-12-15 23:26:59.610521,TRADE,6057.25,3
2024-12-15 23:26:59.701719,TRADE,6057.25,1
2024-12-15 23:26:59.702010,TRADE,6057.25,1
2024-12-15 23:27:01.732216,TRADE,6057.5,1
2024-12-15 23:27:15.199614,TRADE,6057.5,1
2024-12-15 23:27:15.201590,TRADE,6057.25,1
2024-12-15 23:27:15.202189,TRADE,6057.25,1
2024-12-15 23:27:15.202263,TRADE,6057.25,1
2024-12-15 23:27:27.377703,TRADE,6057.25,3
2024-12-15 23:27:29.094077,TRADE,6057.0,5
2024-12-15 23:27:29.094745,TRADE,6057.0,8
2024-12-15 23:27:29.094813,TRADE,6057.0,1
2024-12-15 23:27:29.094897,TRADE,6057.0,1
2024-12-15 23:27:29.095191,TRADE,6057.0,1
2024-12-15 23:27:29.095238,TRADE,6057.0,1
2024-12-15 23:27:29.095322,TRADE,6057.0,1
2024-12-15 23:27:29.095663,TRADE,6057.0,1
2024-12-15 23:27:29.095786,TRADE,6057.0,2
2024-12-15 23:27:29.096785,TRADE,6057.0,2
2024-12-15 23:27:31.722719,TRADE,6057.0,2
2024-12-15 23:27:31.722986,TRADE,6057.0,1
2024-12-15 23:27:33.511714,TRADE,6057.0,2
2024-12-15 23:27:34.463355,TRADE,6057.0,12
2024-12-15 23:27:36.408580,TRADE,6057.25,3
2024-12-15 23:27:38.671692,TRADE,6057.5,5
2024-12-15 23:27:38.673669,TRADE,6057.25,1
2024-12-15 23:27:40.995788,TRADE,6057.25,1
2024-12-15 23:27:43.213413,TRADE,6057.25,1
2024-12-15 23:27:43.214059,TRADE,6057.25,1
2024-12-15 23:27:43.214400,TRADE,6057.25,1
2024-12-15 23:27:43.214679,TRADE,6057.25,1
2024-12-15 23:27:46.843957,TRADE,6057.5,2
2024-12-15 23:28:21.899123,TRADE,6057.25,1
2024-12-15 23:28:46.532099,TRADE,6057.0,2
2024-12-15 23:28:46.532477,TRADE,6057.0,9
2024-12-15 23:28:47.837625,TRADE,6056.75,4
2024-12-15 23:28:47.837755,TRADE,6056.75,1
2024-12-15 23:28:47.838202,TRADE,6056.75,1
2024-12-15 23:28:47.838326,TRADE,6056.75,2
2024-12-15 23:28:55.286155,TRADE,6056.5,4
2024-12-15 23:28:58.383296,TRADE,6056.5,1
2024-12-15 23:28:58.383931,TRADE,6056.5,2
2024-12-15 23:29:00.348647,TRADE,6056.5,1
2024-12-15 23:29:01.864099,TRADE,6056.75,2
2024-12-15 23:29:08.984854,TRADE,6056.5,4
2024-12-15 23:29:08.985145,TRADE,6056.5,1
2024-12-15 23:29:08.997028,TRADE,6056.5,2
2024-12-15 23:29:08.997295,TRADE,6056.5,4
2024-12-15 23:29:14.764077,TRADE,6056.75,6
2024-12-15 23:29:19.780326,TRADE,6056.75,3
2024-12-15 23:29:19.780326,TRADE,6056.5,1
2024-12-15 23:29:25.540154,TRADE,6056.5,2
2024-12-15 23:29:29.806748,TRADE,6056.25,2
2024-12-15 23:29:37.602914,TRADE,6056.25,1
2024-12-15 23:29:37.603298,TRADE,6056.25,1
2024-12-15 23:29:37.858056,TRADE,6056.25,8
2024-12-15 23:29:37.866821,TRADE,6056.5,2
2024-12-15 23:29:37.867052,TRADE,6056.5,1
2024-12-15 23:29:45.518110,TRADE,6056.25,3
2024-12-15 23:29:46.064994,TRADE,6056.25,1
2024-12-15 23:29:52.605672,TRADE,6056.5,2
2024-12-15 23:29:52.792943,TRADE,6056.5,1
2024-12-15 23:29:52.793209,TRADE,6056.5,1
2024-12-15 23:29:57.390220,TRADE,6056.75,1
2024-12-15 23:29:58.929246,TRADE,6056.75,1
2024-12-15 23:29:59.381852,TRADE,6056.75,1
2024-12-15 23:30:01.336097,TRADE,6056.5,1
2024-12-15 23:30:02.364429,TRADE,6056.75,3
2024-12-15 23:30:02.364525,TRADE,6056.75,1
2024-12-15 23:30:02.364819,TRADE,6056.75,3
2024-12-15 23:30:02.828832,TRADE,6056.75,1
2024-12-15 23:30:02.829313,TRADE,6056.75,1
2024-12-15 23:30:02.829427,TRADE,6056.75,1
2024-12-15 23:30:02.829532,TRADE,6056.75,1
2024-12-15 23:30:07.330239,TRADE,6056.5,3
2024-12-15 23:30:09.237566,TRADE,6056.5,7
2024-12-15 23:30:09.237566,TRADE,6056.75,16
2024-12-15 23:30:09.237566,TRADE,6057.0,27
2024-12-15 23:30:09.238909,TRADE,6057.0,24
2024-12-15 23:30:09.239139,TRADE,6057.0,1
2024-12-15 23:30:09.239292,TRADE,6057.0,10
2024-12-15 23:30:09.239416,TRADE,6057.0,1
2024-12-15 23:30:09.239416,TRADE,6057.0,1
2024-12-15 23:30:09.239524,TRADE,6057.0,4
2024-12-15 23:30:09.239592,TRADE,6057.0,1
2024-12-15 23:30:09.239746,TRADE,6057.0,1
2024-12-15 23:30:09.240830,TRADE,6057.0,1
2024-12-15 23:30:09.240845,TRADE,6057.0,1
2024-12-15 23:30:09.240939,TRADE,6057.0,1
2024-12-15 23:30:09.241089,TRADE,6057.0,6
2024-12-15 23:30:09.242050,TRADE,6057.0,1
2024-12-15 23:30:09.242255,TRADE,6057.0,1
2024-12-15 23:30:09.242561,TRADE,6057.0,1
2024-12-15 23:30:09.243201,TRADE,6057.0,3
2024-12-15 23:30:09.243334,TRADE,6057.0,1
2024-12-15 23:30:09.244034,TRADE,6057.0,2
2024-12-15 23:30:09.244118,TRADE,6057.0,1
2024-12-15 23:30:09.248632,TRADE,6057.0,1
2024-12-15 23:30:09.249424,TRADE,6057.0,1
2024-12-15 23:30:09.837665,TRADE,6057.0,6
2024-12-15 23:30:09.839174,TRADE,6057.0,1
2024-12-15 23:30:09.839629,TRADE,6057.0,5
2024-12-15 23:30:09.839697,TRADE,6057.0,1
2024-12-15 23:30:09.839922,TRADE,6057.0,1
2024-12-15 23:30:09.864817,TRADE,6056.75,5
2024-12-15 23:30:09.865802,TRADE,6056.75,1
2024-12-15 23:30:09.866039,TRADE,6056.75,1
2024-12-15 23:30:09.866180,TRADE,6056.75,1
2024-12-15 23:30:26.555786,TRADE,6056.75,1
2024-12-15 23:30:26.555836,TRADE,6056.75,1
2024-12-15 23:30:27.312193,TRADE,6056.5,4
2024-12-15 23:30:27.315046,TRADE,6056.5,1
2024-12-15 23:30:27.315551,TRADE,6056.5,2
2024-12-15 23:30:30.154167,TRADE,6056.5,1
2024-12-15 23:30:31.246430,TRADE,6056.5,1
2024-12-15 23:30:33.807106,TRADE,6056.5,1
2024-12-15 23:30:33.807189,TRADE,6056.5,1
2024-12-15 23:30:43.035169,TRADE,6056.5,7
2024-12-15 23:30:56.615537,TRADE,6056.75,1
2024-12-15 23:30:59.183171,TRADE,6056.75,1
2024-12-15 23:30:59.183464,TRADE,6056.75,3
2024-12-15 23:30:59.183801,TRADE,6056.75,1
2024-12-15 23:30:59.183890,TRADE,6056.75,1
2024-12-15 23:30:59.183968,TRADE,6056.75,1
2024-12-15 23:30:59.184090,TRADE,6056.75,1
2024-12-15 23:30:59.184728,TRADE,6056.75,1
2024-12-15 23:31:00.115358,TRADE,6056.75,1
2024-12-15 23:31:08.684917,TRADE,6056.5,2
2024-12-15 23:31:16.136021,TRADE,6056.75,5
2024-12-15 23:31:17.822144,TRADE,6057.0,2
2024-12-15 23:31:23.499067,TRADE,6056.75,2
2024-12-15 23:31:23.499108,TRADE,6056.75,1
2024-12-15 23:31:23.499188,TRADE,6056.75,1
2024-12-15 23:31:24.576143,TRADE,6056.75,1
2024-12-15 23:31:25.347685,TRADE,6056.75,2
2024-12-15 23:31:33.219929,TRADE,6057.0,5
2024-12-15 23:31:33.220967,TRADE,6057.0,1
2024-12-15 23:31:33.220967,TRADE,6057.0,1
2024-12-15 23:31:33.221165,TRADE,6057.0,1
2024-12-15 23:31:33.250069,TRADE,6057.0,2
2024-12-15 23:31:33.250328,TRADE,6057.0,1
2024-12-15 23:31:33.501968,TRADE,6057.0,1
2024-12-15 23:31:33.503044,TRADE,6057.0,1
2024-12-15 23:31:33.503410,TRADE,6057.0,2
2024-12-15 23:31:34.292866,TRADE,6057.0,3
2024-12-15 23:31:34.292921,TRADE,6057.0,1
2024-12-15 23:31:40.109628,TRADE,6057.25,5
2024-12-15 23:31:45.546041,TRADE,6057.25,2
2024-12-15 23:31:45.547068,TRADE,6057.25,2
2024-12-15 23:31:45.547129,TRADE,6057.25,1
2024-12-15 23:31:45.547129,TRADE,6057.25,1
2024-12-15 23:31:45.547292,TRADE,6057.25,1
2024-12-15 23:31:45.547631,TRADE,6057.25,1
2024-12-15 23:31:45.547657,TRADE,6057.25,1
2024-12-15 23:31:45.548723,TRADE,6057.25,2
2024-12-15 23:31:45.549054,TRADE,6057.25,1
2024-12-15 23:31:46.069967,TRADE,6057.25,1
2024-12-15 23:31:47.407880,TRADE,6057.25,4
2024-12-15 23:31:47.409632,TRADE,6057.5,1
2024-12-15 23:31:47.409718,TRADE,6057.5,1
2024-12-15 23:31:47.409834,TRADE,6057.5,1
2024-12-15 23:31:47.414806,TRADE,6057.5,1
2024-12-15 23:31:47.415444,TRADE,6057.5,1
2024-12-15 23:31:47.415767,TRADE,6057.5,1
2024-12-15 23:31:48.129486,TRADE,6057.5,2
2024-12-15 23:31:51.113131,TRADE,6057.5,10
2024-12-15 23:31:51.113510,TRADE,6057.5,1
2024-12-15 23:31:53.548661,TRADE,6057.75,1
2024-12-15 23:31:54.564922,TRADE,6057.75,1
2024-12-15 23:31:57.887545,TRADE,6057.75,8
2024-12-15 23:31:58.783444,TRADE,6057.75,6
2024-12-15 23:31:58.783521,TRADE,6057.75,1
2024-12-15 23:31:58.783593,TRADE,6057.75,1
2024-12-15 23:31:58.783712,TRADE,6057.75,20
2024-12-15 23:32:00.215572,TRADE,6057.75,1
2024-12-15 23:32:00.877883,TRADE,6057.5,1
2024-12-15 23:32:00.878210,TRADE,6057.5,5
2024-12-15 23:32:01.902840,TRADE,6057.5,3
2024-12-15 23:32:01.903082,TRADE,6057.5,1
2024-12-15 23:32:01.903145,TRADE,6057.5,1
2024-12-15 23:32:01.903329,TRADE,6057.5,1
2024-12-15 23:32:02.025020,TRADE,6057.5,2
2024-12-15 23:32:02.025357,TRADE,6057.5,1
2024-12-15 23:32:06.410778,TRADE,6057.5,1
2024-12-15 23:32:08.915157,TRADE,6057.25,1
2024-12-15 23:32:08.915707,TRADE,6057.25,1
2024-12-15 23:32:17.561481,TRADE,6057.25,1
2024-12-15 23:32:20.604255,TRADE,6057.25,2
2024-12-15 23:32:21.555283,TRADE,6057.0,2
2024-12-15 23:32:21.789898,TRADE,6057.25,1
2024-12-15 23:32:23.868759,TRADE,6057.0,1
2024-12-15 23:32:24.099539,TRADE,6057.25,1
2024-12-15 23:32:28.602075,TRADE,6057.0,1
2024-12-15 23:32:28.604317,TRADE,6057.0,6
2024-12-15 23:32:28.604350,TRADE,6057.0,1
2024-12-15 23:32:28.604442,TRADE,6057.0,1
2024-12-15 23:32:28.952340,TRADE,6057.0,1
2024-12-15 23:32:28.953020,TRADE,6057.0,3
2024-12-15 23:32:31.514388,TRADE,6057.25,5
2024-12-15 23:32:32.215047,TRADE,6057.0,1
2024-12-15 23:32:33.844831,TRADE,6057.0,1
2024-12-15 23:32:33.845165,TRADE,6057.0,2
2024-12-15 23:32:35.058253,TRADE,6056.75,1
2024-12-15 23:32:50.568818,TRADE,6057.0,7
2024-12-15 23:32:50.668316,TRADE,6057.25,1
2024-12-15 23:33:01.186044,TRADE,6057.5,1
2024-12-15 23:33:01.186158,TRADE,6057.5,1
2024-12-15 23:33:01.186243,TRADE,6057.5,1
2024-12-15 23:33:01.186364,TRADE,6057.5,1
2024-12-15 23:33:01.186597,TRADE,6057.5,1
2024-12-15 23:33:01.186638,TRADE,6057.5,1
2024-12-15 23:33:01.186719,TRADE,6057.5,1
2024-12-15 23:33:04.007953,TRADE,6057.25,7
2024-12-15 23:33:04.008216,TRADE,6057.25,1
2024-12-15 23:33:04.011608,TRADE,6057.25,1
2024-12-15 23:33:04.012706,TRADE,6057.25,1
2024-12-15 23:33:06.005376,TRADE,6057.5,1
2024-12-15 23:33:06.005490,TRADE,6057.5,2
2024-12-15 23:33:12.511619,TRADE,6057.25,4
2024-12-15 23:33:16.572445,TRADE,6057.5,1
2024-12-15 23:33:17.250808,TRADE,6057.5,1
2024-12-15 23:33:17.250950,TRADE,6057.5,1
2024-12-15 23:33:21.668127,TRADE,6057.5,2
2024-12-15 23:33:21.668127,TRADE,6057.75,3
2024-12-15 23:33:21.765801,TRADE,6057.5,1
2024-12-15 23:33:38.189200,TRADE,6057.5,2
2024-12-15 23:33:45.105294,TRADE,6057.25,6
2024-12-15 23:33:50.707995,TRADE,6057.25,1
2024-12-15 23:33:50.708240,TRADE,6057.25,2
2024-12-15 23:33:53.409607,TRADE,6057.5,1
2024-12-15 23:33:54.495203,TRADE,6057.5,2
2024-12-15 23:33:54.954955,TRADE,6057.5,2
2024-12-15 23:33:56.345251,TRADE,6057.5,1
2024-12-15 23:34:01.054400,TRADE,6057.5,2
2024-12-15 23:34:03.244230,TRADE,6057.5,2
2024-12-15 23:34:11.199665,TRADE,6057.5,2
2024-12-15 23:34:11.334913,TRADE,6057.5,1
2024-12-15 23:34:16.802825,TRADE,6057.5,1
2024-12-15 23:35:02.972484,TRADE,6057.25,4
2024-12-15 23:35:05.895533,TRADE,6057.5,3
2024-12-15 23:35:11.819219,TRADE,6057.5,1
2024-12-15 23:35:13.652790,TRADE,6057.5,3
2024-12-15 23:35:16.162808,TRADE,6057.5,5
2024-12-15 23:35:30.593807,TRADE,6057.5,2
2024-12-15 23:35:34.027283,TRADE,6057.5,1
2024-12-15 23:35:43.964991,TRADE,6057.25,1
2024-12-15 23:35:43.967115,TRADE,6057.25,4
2024-12-15 23:35:46.131968,TRADE,6057.25,1
2024-12-15 23:35:46.132055,TRADE,6057.25,1
2024-12-15 23:35:53.117661,TRADE,6057.5,2
2024-12-15 23:35:59.357843,TRADE,6057.25,2
2024-12-15 23:36:13.764182,TRADE,6057.25,10
2024-12-15 23:36:13.764182,TRADE,6057.5,15
2024-12-15 23:36:13.764942,TRADE,6057.25,1
2024-12-15 23:36:13.766611,TRADE,6057.5,1
2024-12-15 23:36:13.774763,TRADE,6057.5,5
2024-12-15 23:36:14.681533,TRADE,6057.75,1
2024-12-15 23:36:21.902848,TRADE,6057.75,1
2024-12-15 23:36:21.903082,TRADE,6057.75,3
2024-12-15 23:36:21.903185,TRADE,6057.75,1
2024-12-15 23:36:24.291848,TRADE,6057.75,1
2024-12-15 23:36:24.292329,TRADE,6057.75,2
2024-12-15 23:36:24.292641,TRADE,6057.75,1
2024-12-15 23:36:31.605221,TRADE,6057.75,1
2024-12-15 23:36:31.605569,TRADE,6057.75,1
2024-12-15 23:36:32.435975,TRADE,6057.75,1
2024-12-15 23:36:32.787870,TRADE,6057.75,1
2024-12-15 23:36:36.392604,TRADE,6057.75,1
2024-12-15 23:36:39.845311,TRADE,6057.75,1
2024-12-15 23:36:44.228662,TRADE,6058.0,1
2024-12-15 23:36:44.228673,TRADE,6058.0,3
2024-12-15 23:36:44.228673,TRADE,6058.0,1
2024-12-15 23:36:44.228806,TRADE,6058.0,1
2024-12-15 23:36:44.228976,TRADE,6058.0,1
2024-12-15 23:36:44.229473,TRADE,6058.0,1
2024-12-15 23:36:44.531305,TRADE,6058.0,3
2024-12-15 23:36:47.545881,TRADE,6058.0,1
2024-12-15 23:37:03.889736,TRADE,6057.75,6
2024-12-15 23:37:26.261458,TRADE,6057.75,3
2024-12-15 23:37:26.267576,TRADE,6057.75,1
2024-12-15 23:38:01.102278,TRADE,6058.0,18
2024-12-15 23:38:01.102319,TRADE,6058.0,1
2024-12-15 23:38:01.102583,TRADE,6058.0,1
2024-12-15 23:38:01.102698,TRADE,6058.0,1
2024-12-15 23:38:01.102786,TRADE,6058.0,1
2024-12-15 23:38:01.103058,TRADE,6058.0,1
2024-12-15 23:38:08.454035,TRADE,6058.25,1
2024-12-15 23:38:08.454049,TRADE,6058.25,1
2024-12-15 23:38:08.454429,TRADE,6058.25,2
2024-12-15 23:38:08.454719,TRADE,6058.25,2
2024-12-15 23:38:09.148412,TRADE,6058.0,4
2024-12-15 23:38:18.073146,TRADE,6058.25,2
2024-12-15 23:38:31.255901,TRADE,6058.0,5
2024-12-15 23:38:34.508264,TRADE,6058.25,1
2024-12-15 23:38:34.508491,TRADE,6058.25,1
2024-12-15 23:38:34.508781,TRADE,6058.25,1
2024-12-15 23:38:34.508838,TRADE,6058.25,1
2024-12-15 23:38:34.511570,TRADE,6058.25,3
2024-12-15 23:38:36.414455,TRADE,6058.25,1
2024-12-15 23:38:36.420269,TRADE,6058.25,1
2024-12-15 23:38:40.683590,TRADE,6058.5,10
2024-12-15 23:38:41.368220,TRADE,6058.25,1
2024-12-15 23:38:41.601008,TRADE,6058.5,1
2024-12-15 23:38:53.888387,TRADE,6058.25,2
2024-12-15 23:38:53.888667,TRADE,6058.25,7
2024-12-15 23:39:14.241718,TRADE,6058.25,2
2024-12-15 23:39:14.681093,TRADE,6058.25,1
2024-12-15 23:39:14.681322,TRADE,6058.25,1
2024-12-15 23:39:14.847367,TRADE,6058.0,1
2024-12-15 23:39:16.632414,TRADE,6058.25,3
2024-12-15 23:39:16.632814,TRADE,6058.25,1
2024-12-15 23:39:16.999716,TRADE,6058.0,5
2024-12-15 23:39:17.004580,TRADE,6058.0,1
2024-12-15 23:39:17.004938,TRADE,6058.0,6
2024-12-15 23:39:20.683310,TRADE,6058.0,1
2024-12-15 23:39:22.068570,TRADE,6058.0,1
2024-12-15 23:39:25.408360,TRADE,6058.0,1
2024-12-15 23:39:28.500507,TRADE,6058.0,1
2024-12-15 23:39:28.500752,TRADE,6058.0,1
2024-12-15 23:39:35.795802,TRADE,6058.0,1
2024-12-15 23:39:42.267368,TRADE,6058.0,2
2024-12-15 23:39:52.132762,TRADE,6058.25,1
2024-12-15 23:39:55.635127,TRADE,6058.25,1
2024-12-15 23:39:55.964567,TRADE,6058.0,2
2024-12-15 23:40:10.390742,TRADE,6058.25,4
2024-12-15 23:40:28.131890,TRADE,6058.5,1
2024-12-15 23:40:33.576577,TRADE,6058.25,1
2024-12-15 23:40:33.577301,TRADE,6058.25,4
2024-12-15 23:40:33.577368,TRADE,6058.25,1
2024-12-15 23:40:33.577368,TRADE,6058.25,1
2024-12-15 23:40:33.577682,TRADE,6058.25,3
2024-12-15 23:40:33.578114,TRADE,6058.25,1
2024-12-15 23:40:41.274679,TRADE,6058.0,1
2024-12-15 23:40:56.267562,TRADE,6058.25,4
2024-12-15 23:40:56.267933,TRADE,6058.25,8
2024-12-15 23:41:05.122593,TRADE,6058.25,1
2024-12-15 23:41:05.122802,TRADE,6058.25,1
2024-12-15 23:41:05.123131,TRADE,6058.25,1
2024-12-15 23:41:13.512959,TRADE,6058.0,2
2024-12-15 23:41:13.513294,TRADE,6058.0,1
2024-12-15 23:41:14.597410,TRADE,6058.0,2
2024-12-15 23:41:15.671555,TRADE,6057.75,1
2024-12-15 23:41:15.749999,TRADE,6057.75,1
2024-12-15 23:41:19.165919,TRADE,6058.0,2
2024-12-15 23:41:19.166326,TRADE,6058.0,1
2024-12-15 23:41:22.065900,TRADE,6057.75,1
2024-12-15 23:41:24.386066,TRADE,6057.75,1
2024-12-15 23:41:25.845635,TRADE,6057.75,1
2024-12-15 23:41:25.973386,TRADE,6058.0,4
2024-12-15 23:41:27.431961,TRADE,6058.0,7
2024-12-15 23:41:27.703116,TRADE,6058.0,1
2024-12-15 23:41:53.872324,TRADE,6057.75,1
2024-12-15 23:41:56.902112,TRADE,6058.0,1
2024-12-15 23:42:04.412636,TRADE,6058.0,1
2024-12-15 23:42:19.923832,TRADE,6057.75,1
2024-12-15 23:42:23.270722,TRADE,6057.75,4
2024-12-15 23:42:23.270789,TRADE,6057.75,1
2024-12-15 23:42:23.270847,TRADE,6057.75,1
2024-12-15 23:42:23.271045,TRADE,6057.75,1
2024-12-15 23:42:23.271327,TRADE,6057.75,1
2024-12-15 23:42:45.910882,TRADE,6057.75,1
2024-12-15 23:42:46.062884,TRADE,6058.0,5
2024-12-15 23:42:47.518716,TRADE,6057.75,1
2024-12-15 23:42:49.615268,TRADE,6057.75,1
2024-12-15 23:42:58.104539,TRADE,6057.75,1
2024-12-15 23:42:58.104595,TRADE,6057.75,1
2024-12-15 23:42:58.104690,TRADE,6057.75,1
2024-12-15 23:42:58.104750,TRADE,6057.75,1
2024-12-15 23:42:58.104911,TRADE,6057.75,3
2024-12-15 23:42:58.105560,TRADE,6057.75,1
2024-12-15 23:42:58.105824,TRADE,6057.75,3
2024-12-15 23:42:58.106187,TRADE,6057.75,1
2024-12-15 23:42:58.106420,TRADE,6057.75,1
2024-12-15 23:42:58.190440,TRADE,6057.75,1
2024-12-15 23:42:59.628903,TRADE,6058.0,1
2024-12-15 23:42:59.629236,TRADE,6058.0,2
2024-12-15 23:42:59.629441,TRADE,6058.0,3
2024-12-15 23:42:59.629709,TRADE,6058.0,4
2024-12-15 23:43:06.154343,TRADE,6058.25,1
2024-12-15 23:43:24.005770,TRADE,6058.0,4
2024-12-15 23:43:37.090675,TRADE,6058.0,1
2024-12-15 23:43:37.090946,TRADE,6058.0,1
2024-12-15 23:43:37.091188,TRADE,6058.0,1
2024-12-15 23:43:37.773950,TRADE,6057.75,1
2024-12-15 23:43:37.773963,TRADE,6057.75,2
2024-12-15 23:43:38.466313,TRADE,6058.0,1
2024-12-15 23:43:40.831632,TRADE,6058.0,1
2024-12-15 23:43:40.987098,TRADE,6057.75,1
2024-12-15 23:43:41.273668,TRADE,6058.0,1
2024-12-15 23:43:41.548213,TRADE,6058.0,1
2024-12-15 23:43:49.995486,TRADE,6057.75,1
2024-12-15 23:43:59.496887,TRADE,6058.0,2
2024-12-15 23:44:06.377364,TRADE,6058.0,1
2024-12-15 23:44:08.164120,TRADE,6058.0,3
2024-12-15 23:44:09.750680,TRADE,6058.0,1
2024-12-15 23:44:09.766084,TRADE,6058.25,2
2024-12-15 23:44:14.685961,TRADE,6058.0,1
2024-12-15 23:44:14.686214,TRADE,6058.0,1
2024-12-15 23:44:28.147242,TRADE,6058.0,1
2024-12-15 23:44:30.664576,TRADE,6058.0,3
2024-12-15 23:44:33.167197,TRADE,6058.0,2
2024-12-15 23:44:56.722011,TRADE,6058.0,14
2024-12-15 23:44:56.722011,TRADE,6058.25,11
2024-12-15 23:44:56.722422,TRADE,6058.0,1
2024-12-15 23:44:56.723070,TRADE,6058.0,1
2024-12-15 23:44:56.723666,TRADE,6058.0,1
2024-12-15 23:44:56.723779,TRADE,6058.0,1
2024-12-15 23:45:01.211379,TRADE,6058.0,1
2024-12-15 23:45:01.211614,TRADE,6058.0,1
2024-12-15 23:45:01.211686,TRADE,6058.0,1
2024-12-15 23:45:01.211805,TRADE,6058.0,2
2024-12-15 23:45:01.342396,TRADE,6058.0,1
2024-12-15 23:45:07.296197,TRADE,6058.0,1
2024-12-15 23:45:08.032869,TRADE,6058.25,1
2024-12-15 23:45:28.192991,TRADE,6058.0,1
2024-12-15 23:45:36.931614,TRADE,6058.25,1
2024-12-15 23:45:54.278389,TRADE,6058.0,4
2024-12-15 23:45:54.279074,TRADE,6058.0,1
2024-12-15 23:45:54.279074,TRADE,6058.0,1
2024-12-15 23:45:54.279361,TRADE,6058.0,1
2024-12-15 23:45:54.279888,TRADE,6058.0,2
2024-12-15 23:45:54.284049,TRADE,6058.0,2
2024-12-15 23:46:02.268335,TRADE,6057.75,3
2024-12-15 23:46:02.268809,TRADE,6057.75,4
2024-12-15 23:46:02.270107,TRADE,6057.75,1
2024-12-15 23:46:13.090913,TRADE,6057.75,13
2024-12-15 23:46:13.091226,TRADE,6057.75,1
2024-12-15 23:46:22.690016,TRADE,6058.0,1
2024-12-15 23:46:29.162295,TRADE,6058.0,4
2024-12-15 23:46:29.162658,TRADE,6058.0,1
2024-12-15 23:46:30.183800,TRADE,6057.75,2
2024-12-15 23:46:36.144301,TRADE,6058.25,1
2024-12-15 23:46:36.144398,TRADE,6058.25,1
2024-12-15 23:46:39.852200,TRADE,6058.25,1
2024-12-15 23:46:39.852415,TRADE,6058.25,3
2024-12-15 23:46:39.852510,TRADE,6058.25,3
2024-12-15 23:46:39.852658,TRADE,6058.25,7
2024-12-15 23:46:39.852832,TRADE,6058.25,1
2024-12-15 23:46:47.822709,TRADE,6058.5,2
2024-12-15 23:46:48.779689,TRADE,6058.5,1
2024-12-15 23:46:51.394299,TRADE,6058.5,1
2024-12-15 23:46:59.276526,TRADE,6058.5,1
2024-12-15 23:47:02.317461,TRADE,6058.5,1
2024-12-15 23:47:02.317844,TRADE,6058.5,5
2024-12-15 23:47:02.372731,TRADE,6058.5,1
2024-12-15 23:47:07.479897,TRADE,6058.75,1
2024-12-15 23:47:07.479912,TRADE,6058.75,4
2024-12-15 23:47:07.482783,TRADE,6058.5,1
2024-12-15 23:47:07.482983,TRADE,6058.5,1
2024-12-15 23:47:07.483048,TRADE,6058.5,1
2024-12-15 23:47:07.483119,TRADE,6058.5,1
2024-12-15 23:47:07.483377,TRADE,6058.5,1
2024-12-15 23:47:07.483571,TRADE,6058.5,1
2024-12-15 23:47:07.483696,TRADE,6058.5,1
2024-12-15 23:47:07.483780,TRADE,6058.5,1
2024-12-15 23:47:07.483835,TRADE,6058.5,1
2024-12-15 23:47:07.483966,TRADE,6058.5,4
2024-12-15 23:47:07.511533,TRADE,6058.5,1
2024-12-15 23:47:10.459189,TRADE,6058.5,5
2024-12-15 23:47:10.459779,TRADE,6058.5,1
2024-12-15 23:47:10.460062,TRADE,6058.5,1
2024-12-15 23:47:10.460173,TRADE,6058.5,1
2024-12-15 23:47:10.460503,TRADE,6058.5,1
2024-12-15 23:47:10.460697,TRADE,6058.5,1
2024-12-15 23:47:15.842052,TRADE,6058.5,10
2024-12-15 23:47:15.843270,TRADE,6058.5,1
2024-12-15 23:47:15.843657,TRADE,6058.5,3
2024-12-15 23:47:24.691887,TRADE,6058.5,2
2024-12-15 23:47:25.171167,TRADE,6058.5,4
2024-12-15 23:47:25.387321,TRADE,6058.5,1
2024-12-15 23:47:40.254865,TRADE,6058.75,1
2024-12-15 23:47:48.097557,TRADE,6058.75,1
2024-12-15 23:48:00.297650,TRADE,6058.75,1
2024-12-15 23:48:00.297713,TRADE,6058.75,1
2024-12-15 23:48:00.297771,TRADE,6058.75,1
2024-12-15 23:48:00.297910,TRADE,6058.75,1
2024-12-15 23:48:00.298012,TRADE,6058.75,1
2024-12-15 23:48:00.298138,TRADE,6058.75,1
2024-12-15 23:48:00.298250,TRADE,6058.75,2
2024-12-15 23:48:00.298317,TRADE,6058.75,1
2024-12-15 23:48:00.298436,TRADE,6058.75,1
2024-12-15 23:48:00.298497,TRADE,6058.75,1
2024-12-15 23:48:00.298626,TRADE,6058.75,1
2024-12-15 23:48:00.298693,TRADE,6058.75,1
2024-12-15 23:48:00.298947,TRADE,6058.75,6
2024-12-15 23:48:00.299421,TRADE,6058.75,6
2024-12-15 23:48:00.299535,TRADE,6058.75,1
2024-12-15 23:48:00.299974,TRADE,6058.75,1
2024-12-15 23:48:00.300147,TRADE,6058.75,1
2024-12-15 23:48:00.300533,TRADE,6058.75,3
2024-12-15 23:48:00.300635,TRADE,6058.75,1
2024-12-15 23:48:00.300786,TRADE,6058.75,2
2024-12-15 23:48:00.301020,TRADE,6058.75,1
2024-12-15 23:48:00.301416,TRADE,6058.75,1
2024-12-15 23:48:00.301510,TRADE,6058.75,1
2024-12-15 23:48:00.301597,TRADE,6058.75,1
2024-12-15 23:48:00.301896,TRADE,6058.75,1
2024-12-15 23:48:00.302070,TRADE,6058.75,2
2024-12-15 23:48:00.302401,TRADE,6058.75,1
2024-12-15 23:48:00.302500,TRADE,6058.75,1
2024-12-15 23:48:00.302649,TRADE,6058.75,1
2024-12-15 23:48:00.303504,TRADE,6058.75,1
2024-12-15 23:48:00.304634,TRADE,6058.75,1
2024-12-15 23:48:00.370830,TRADE,6058.75,1
2024-12-15 23:48:03.016517,TRADE,6058.5,3
2024-12-15 23:48:03.016564,TRADE,6058.5,1
2024-12-15 23:48:03.016675,TRADE,6058.5,1
2024-12-15 23:48:03.016988,TRADE,6058.5,2
2024-12-15 23:48:03.017100,TRADE,6058.5,1
2024-12-15 23:48:03.139091,TRADE,6058.25,1
2024-12-15 23:48:04.925876,TRADE,6058.5,6
2024-12-15 23:48:04.926177,TRADE,6058.5,1
2024-12-15 23:48:05.225982,TRADE,6058.5,1
2024-12-15 23:48:05.226208,TRADE,6058.5,1
2024-12-15 23:48:38.578939,TRADE,6058.5,2
2024-12-15 23:48:38.578969,TRADE,6058.5,1
2024-12-15 23:48:38.579057,TRADE,6058.5,1
2024-12-15 23:48:38.579145,TRADE,6058.5,1
2024-12-15 23:48:38.579409,TRADE,6058.5,2
2024-12-15 23:48:38.579468,TRADE,6058.5,1
2024-12-15 23:48:44.177891,TRADE,6058.75,5
2024-12-15 23:48:57.796674,TRADE,6058.5,4
2024-12-15 23:48:57.796708,TRADE,6058.5,1
2024-12-15 23:48:57.796773,TRADE,6058.5,1
2024-12-15 23:48:57.796943,TRADE,6058.5,1
2024-12-15 23:48:57.797010,TRADE,6058.5,1
2024-12-15 23:48:57.797175,TRADE,6058.5,1
2024-12-15 23:48:57.797394,TRADE,6058.5,1
2024-12-15 23:48:59.068321,TRADE,6058.25,1
2024-12-15 23:48:59.069458,TRADE,6058.25,1
2024-12-15 23:48:59.069672,TRADE,6058.25,1
2024-12-15 23:48:59.084705,TRADE,6058.0,1
2024-12-15 23:48:59.085019,TRADE,6058.0,1
2024-12-15 23:48:59.387421,TRADE,6058.0,2
2024-12-15 23:48:59.669371,TRADE,6058.0,2
2024-12-15 23:49:00.433997,TRADE,6058.0,2
2024-12-15 23:49:00.434250,TRADE,6058.0,1
2024-12-15 23:49:21.848432,TRADE,6058.0,1
2024-12-15 23:49:27.208640,TRADE,6058.0,1
2024-12-15 23:49:28.453650,TRADE,6058.0,1
2024-12-15 23:49:31.888637,TRADE,6058.0,1
2024-12-15 23:49:33.871708,TRADE,6058.0,1
2024-12-15 23:49:40.355208,TRADE,6058.25,1
2024-12-15 23:49:51.062378,TRADE,6058.0,1
2024-12-15 23:49:52.013724,TRADE,6058.0,1
2024-12-15 23:49:58.647356,TRADE,6058.0,1
2024-12-15 23:50:07.747773,TRADE,6058.0,1
2024-12-15 23:50:08.855991,TRADE,6058.25,5
2024-12-15 23:50:08.856096,TRADE,6058.25,2
2024-12-15 23:50:08.901595,TRADE,6058.25,4
2024-12-15 23:50:13.224260,TRADE,6058.0,1
2024-12-15 23:50:22.126486,TRADE,6058.25,4
2024-12-15 23:50:22.144568,TRADE,6058.5,1
2024-12-15 23:50:39.885531,TRADE,6058.5,1
2024-12-15 23:50:41.491286,TRADE,6058.25,1
2024-12-15 23:51:05.920645,TRADE,6058.25,9
2024-12-15 23:51:05.972778,TRADE,6058.0,1
2024-12-15 23:51:12.333077,TRADE,6058.0,1
2024-12-15 23:51:14.696872,TRADE,6058.0,6
2024-12-15 23:51:14.749847,TRADE,6058.0,1
2024-12-15 23:51:14.750093,TRADE,6058.0,1
2024-12-15 23:51:17.166539,TRADE,6058.0,1
2024-12-15 23:51:17.166913,TRADE,6058.0,6
2024-12-15 23:51:27.371224,TRADE,6058.25,1
2024-12-15 23:51:40.896072,TRADE,6058.0,1
2024-12-15 23:51:46.115885,TRADE,6058.0,1
2024-12-15 23:51:46.988737,TRADE,6058.25,1
2024-12-15 23:51:53.988134,TRADE,6058.0,1
2024-12-15 23:52:04.032559,TRADE,6058.0,2
2024-12-15 23:52:04.033114,TRADE,6058.0,2
2024-12-15 23:52:05.048436,TRADE,6058.0,5
2024-12-15 23:52:21.203114,TRADE,6058.0,1
2024-12-15 23:52:35.406771,TRADE,6058.25,1
2024-12-15 23:52:35.406977,TRADE,6058.25,1
2024-12-15 23:52:35.407028,TRADE,6058.25,1
2024-12-15 23:52:51.875820,TRADE,6058.25,1
2024-12-15 23:52:51.876061,TRADE,6058.25,1
2024-12-15 23:53:01.046976,TRADE,6058.5,11
2024-12-15 23:53:01.046976,TRADE,6058.75,2
2024-12-15 23:53:01.046987,TRADE,6058.75,1
2024-12-15 23:53:01.048435,TRADE,6058.5,1
2024-12-15 23:53:01.048552,TRADE,6058.5,2
2024-12-15 23:53:01.048906,TRADE,6058.5,1
2024-12-15 23:53:05.642231,TRADE,6058.5,1
2024-12-15 23:53:07.871725,TRADE,6058.25,1
2024-12-15 23:53:07.872254,TRADE,6058.25,1
2024-12-15 23:53:11.134499,TRADE,6058.5,5
2024-12-15 23:53:11.465866,TRADE,6058.5,1
2024-12-15 23:53:11.468614,TRADE,6058.5,2
2024-12-15 23:53:14.996873,TRADE,6058.25,2
2024-12-15 23:53:14.997743,TRADE,6058.25,1
2024-12-15 23:53:35.329699,TRADE,6058.25,7
2024-12-15 23:53:35.330105,TRADE,6058.25,1
2024-12-15 23:53:35.330289,TRADE,6058.25,4
2024-12-15 23:53:35.330599,TRADE,6058.25,1
2024-12-15 23:53:43.036477,TRADE,6058.0,1
2024-12-15 23:53:51.584571,TRADE,6058.0,15
2024-12-15 23:53:51.584571,TRADE,6057.75,24
2024-12-15 23:53:51.584571,TRADE,6057.5,1
2024-12-15 23:53:51.584589,TRADE,6057.5,1
2024-12-15 23:53:51.587789,TRADE,6057.75,1
2024-12-15 23:53:51.588675,TRADE,6057.75,2
2024-12-15 23:53:51.589191,TRADE,6057.75,1
2024-12-15 23:54:03.628559,TRADE,6057.5,12
2024-12-15 23:54:03.628559,TRADE,6057.25,28
2024-12-15 23:54:03.628575,TRADE,6057.25,2
2024-12-15 23:54:03.630679,TRADE,6057.5,1
2024-12-15 23:54:05.012058,TRADE,6057.5,1
2024-12-15 23:54:06.538171,TRADE,6057.5,1
2024-12-15 23:54:07.023116,TRADE,6057.25,1
2024-12-15 23:54:08.990743,TRADE,6057.25,1
2024-12-15 23:54:09.099937,TRADE,6057.25,2
2024-12-15 23:54:12.701853,TRADE,6057.25,1
2024-12-15 23:54:14.829164,TRADE,6057.25,1
2024-12-15 23:54:20.091656,TRADE,6057.0,1
2024-12-15 23:54:20.091671,TRADE,6057.0,1
2024-12-15 23:54:20.091671,TRADE,6057.0,1
2024-12-15 23:54:21.270186,TRADE,6057.25,1
2024-12-15 23:54:31.304626,TRADE,6057.25,1
2024-12-15 23:54:33.256648,TRADE,6057.0,1
2024-12-15 23:54:34.473235,TRADE,6057.0,3
2024-12-15 23:54:34.473953,TRADE,6057.0,1
2024-12-15 23:54:35.628801,TRADE,6057.25,1
2024-12-15 23:54:38.930823,TRADE,6057.0,1
2024-12-15 23:54:38.931055,TRADE,6057.0,1
2024-12-15 23:54:38.931148,TRADE,6057.0,1
2024-12-15 23:54:46.720976,TRADE,6057.0,1
2024-12-15 23:54:49.616557,TRADE,6057.25,5
2024-12-15 23:54:49.667613,TRADE,6057.25,1
2024-12-15 23:54:57.573020,TRADE,6057.25,1
2024-12-15 23:55:03.017522,TRADE,6057.25,2
2024-12-15 23:55:17.599955,TRADE,6057.0,6
2024-12-15 23:55:17.631801,TRADE,6056.75,3
2024-12-15 23:55:17.631813,TRADE,6056.5,1
2024-12-15 23:55:17.631813,TRADE,6056.5,1
2024-12-15 23:55:17.955256,TRADE,6056.5,1
2024-12-15 23:55:18.055845,TRADE,6056.5,3
2024-12-15 23:55:19.350016,TRADE,6056.25,1
2024-12-15 23:55:22.074995,TRADE,6056.5,1
2024-12-15 23:55:22.451718,TRADE,6056.5,4
2024-12-15 23:55:22.451718,TRADE,6056.25,6
2024-12-15 23:55:26.536417,TRADE,6056.75,2
2024-12-15 23:55:26.537326,TRADE,6056.75,9
2024-12-15 23:55:27.400462,TRADE,6056.75,1
2024-12-15 23:55:28.132661,TRADE,6057.0,1
2024-12-15 23:55:29.494577,TRADE,6057.0,2
2024-12-15 23:55:35.793616,TRADE,6056.75,1
2024-12-15 23:55:35.793616,TRADE,6056.75,1
2024-12-15 23:55:35.793673,TRADE,6056.75,1
2024-12-15 23:55:58.843125,TRADE,6056.5,1
2024-12-15 23:55:58.843356,TRADE,6056.5,5
2024-12-15 23:55:58.871442,TRADE,6056.5,1
2024-12-15 23:55:59.360521,TRADE,6056.5,1
2024-12-15 23:55:59.361192,TRADE,6056.5,1
2024-12-15 23:56:00.849769,TRADE,6056.75,2
2024-12-15 23:56:03.370059,TRADE,6056.5,1
2024-12-15 23:56:03.751991,TRADE,6056.5,1
2024-12-15 23:56:06.606932,TRADE,6056.5,1
2024-12-15 23:56:13.891099,TRADE,6056.5,1
2024-12-15 23:56:17.443115,TRADE,6056.5,1
2024-12-15 23:56:22.994315,TRADE,6056.25,1
2024-12-15 23:56:25.155050,TRADE,6056.25,1
2024-12-15 23:56:25.482831,TRADE,6056.5,1
2024-12-15 23:56:33.925437,TRADE,6056.25,2
2024-12-15 23:56:36.948579,TRADE,6056.0,2
2024-12-15 23:56:38.403504,TRADE,6056.0,1
2024-12-15 23:56:39.940440,TRADE,6056.0,1
2024-12-15 23:56:45.007106,TRADE,6056.0,8
2024-12-15 23:56:45.381355,TRADE,6056.0,1
2024-12-15 23:56:45.817390,TRADE,6056.25,1
2024-12-15 23:56:45.817483,TRADE,6056.25,1
2024-12-15 23:56:45.817805,TRADE,6056.25,1
2024-12-15 23:56:45.817884,TRADE,6056.25,1
2024-12-15 23:57:00.707913,TRADE,6056.25,1
2024-12-15 23:57:05.589738,TRADE,6056.25,2
2024-12-15 23:57:10.759748,TRADE,6056.25,2
2024-12-15 23:57:10.976018,TRADE,6056.25,1
2024-12-15 23:57:10.976716,TRADE,6056.25,1
2024-12-15 23:57:20.198971,TRADE,6056.5,1
2024-12-15 23:57:21.114375,TRADE,6056.25,1
2024-12-15 23:57:32.155287,TRADE,6056.5,1
2024-12-15 23:57:32.156187,TRADE,6056.5,3
2024-12-15 23:57:36.122303,TRADE,6056.75,1
2024-12-15 23:57:36.122495,TRADE,6056.75,1
2024-12-15 23:57:36.422250,TRADE,6056.75,1
2024-12-15 23:57:39.022461,TRADE,6056.75,1
2024-12-15 23:57:39.064525,TRADE,6056.75,1
2024-12-15 23:57:39.073445,TRADE,6056.75,4
2024-12-15 23:57:41.645241,TRADE,6057.0,1
2024-12-15 23:57:46.388720,TRADE,6057.0,1
2024-12-15 23:57:46.388786,TRADE,6057.0,1
2024-12-15 23:57:49.216006,TRADE,6056.75,1
2024-12-15 23:57:57.015546,TRADE,6057.0,1
2024-12-15 23:57:59.156614,TRADE,6057.25,4
2024-12-15 23:58:01.802299,TRADE,6057.5,1
2024-12-15 23:58:01.802310,TRADE,6057.5,1
2024-12-15 23:58:03.942807,TRADE,6057.25,1
2024-12-15 23:58:03.942950,TRADE,6057.25,3
2024-12-15 23:58:03.943190,TRADE,6057.25,1
2024-12-15 23:58:05.009767,TRADE,6057.25,9
2024-12-15 23:58:19.700723,TRADE,6057.25,11
2024-12-15 23:58:19.700753,TRADE,6057.25,1
2024-12-15 23:58:19.700935,TRADE,6057.25,1
2024-12-15 23:58:19.701030,TRADE,6057.25,1
2024-12-15 23:58:19.701106,TRADE,6057.25,9
2024-12-15 23:58:19.701159,TRADE,6057.25,3
2024-12-15 23:58:19.701286,TRADE,6057.25,4
2024-12-15 23:58:36.335660,TRADE,6057.0,1
2024-12-15 23:58:36.336066,TRADE,6057.0,1
2024-12-15 23:58:36.336146,TRADE,6057.0,1
2024-12-15 23:58:36.336199,TRADE,6057.0,1
2024-12-15 23:58:38.710032,TRADE,6057.0,2
2024-12-15 23:58:40.800749,TRADE,6057.0,2
2024-12-15 23:58:40.801342,TRADE,6057.0,1
2024-12-15 23:58:41.562978,TRADE,6057.0,1
2024-12-15 23:59:00.376709,TRADE,6057.0,1
2024-12-15 23:59:00.824635,TRADE,6057.0,1
2024-12-15 23:59:05.248990,TRADE,6057.0,2
2024-12-15 23:59:05.248990,TRADE,6056.75,4
2024-12-15 23:59:32.259189,TRADE,6057.0,4
2024-12-15 23:59:40.095063,TRADE,6056.75,3
2024-12-15 23:59:40.095663,TRADE,6056.75,2
2024-12-15 23:59:45.894116,TRADE,6056.75,1
2024-12-15 23:59:45.894618,TRADE,6056.75,2
2024-12-15 23:59:57.502879,TRADE,6056.75,1
2024-12-16 00:00:00.154365,TRADE,6057.0,3
2024-12-16 00:00:00.154742,TRADE,6057.0,1
2024-12-16 00:00:00.155134,TRADE,6057.0,3
2024-12-16 00:00:00.368340,TRADE,6057.25,3
2024-12-16 00:00:02.616873,TRADE,6057.0,6
2024-12-16 00:00:02.635523,TRADE,6057.0,6
2024-12-16 00:00:02.635732,TRADE,6057.0,5
2024-12-16 00:00:02.635919,TRADE,6057.0,1
2024-12-16 00:00:02.636356,TRADE,6057.0,5
2024-12-16 00:00:02.636460,TRADE,6057.0,1
2024-12-16 00:00:02.637019,TRADE,6057.0,1
2024-12-16 00:00:02.637460,TRADE,6057.0,1
2024-12-16 00:00:02.637696,TRADE,6057.0,4
2024-12-16 00:00:02.727870,TRADE,6057.0,6
2024-12-16 00:00:08.492505,TRADE,6056.75,7
2024-12-16 00:00:08.493847,TRADE,6056.75,1
2024-12-16 00:00:08.494110,TRADE,6056.75,2
2024-12-16 00:00:08.495381,TRADE,6056.75,1
2024-12-16 00:00:08.495667,TRADE,6056.75,1
2024-12-16 00:00:08.495908,TRADE,6056.75,1
2024-12-16 00:00:08.496395,TRADE,6056.75,2
2024-12-16 00:00:11.303500,TRADE,6057.0,13
2024-12-16 00:00:11.303709,TRADE,6057.0,1
2024-12-16 00:00:11.304042,TRADE,6057.0,1
2024-12-16 00:00:11.304120,TRADE,6057.0,1
2024-12-16 00:00:11.304918,TRADE,6057.0,1
2024-12-16 00:00:11.305413,TRADE,6057.0,1
2024-12-16 00:00:12.752035,TRADE,6057.0,1
2024-12-16 00:00:12.752123,TRADE,6057.0,1
2024-12-16 00:00:12.752345,TRADE,6057.0,1
2024-12-16 00:00:12.752536,TRADE,6057.0,1
2024-12-16 00:00:12.753413,TRADE,6057.0,1
2024-12-16 00:00:12.754844,TRADE,6057.0,1
2024-12-16 00:00:17.953394,TRADE,6056.75,1
2024-12-16 00:00:17.953623,TRADE,6056.75,1
2024-12-16 00:00:18.134357,TRADE,6056.75,1
2024-12-16 00:00:18.792138,TRADE,6056.75,2
2024-12-16 00:00:19.514687,TRADE,6056.75,2
2024-12-16 00:00:27.037587,TRADE,6057.0,1
2024-12-16 00:00:27.907273,TRADE,6057.25,1
2024-12-16 00:00:27.907402,TRADE,6057.25,1
2024-12-16 00:00:27.907491,TRADE,6057.25,1
2024-12-16 00:00:27.907901,TRADE,6057.25,1
2024-12-16 00:00:27.908758,TRADE,6057.25,1
2024-12-16 00:00:27.928891,TRADE,6057.5,1
2024-12-16 00:00:27.929102,TRADE,6057.5,1
2024-12-16 00:00:27.929216,TRADE,6057.5,1
2024-12-16 00:00:27.929966,TRADE,6057.5,1
2024-12-16 00:00:27.930083,TRADE,6057.5,1
2024-12-16 00:00:27.930083,TRADE,6057.5,1
2024-12-16 00:00:27.930354,TRADE,6057.5,1
2024-12-16 00:00:27.930571,TRADE,6057.5,1
2024-12-16 00:00:27.930771,TRADE,6057.5,1
2024-12-16 00:00:27.930847,TRADE,6057.5,1
2024-12-16 00:00:27.931064,TRADE,6057.75,1
2024-12-16 00:00:27.931545,TRADE,6057.5,1
2024-12-16 00:00:27.940570,TRADE,6057.5,1
2024-12-16 00:00:30.136309,TRADE,6057.5,2
2024-12-16 00:00:30.136591,TRADE,6057.5,1
2024-12-16 00:00:30.136749,TRADE,6057.5,1
2024-12-16 00:00:30.136880,TRADE,6057.5,1
2024-12-16 00:00:30.137049,TRADE,6057.5,1
2024-12-16 00:00:30.684206,TRADE,6057.75,1
2024-12-16 00:00:31.698031,TRADE,6057.75,1
2024-12-16 00:00:32.827641,TRADE,6057.75,1
2024-12-16 00:00:33.231708,TRADE,6057.75,1
2024-12-16 00:00:36.059240,TRADE,6057.75,1
2024-12-16 00:00:36.061597,TRADE,6057.75,2
2024-12-16 00:00:36.062938,TRADE,6057.75,2
2024-12-16 00:00:36.064068,TRADE,6057.75,1
2024-12-16 00:00:36.064295,TRADE,6057.75,2
2024-12-16 00:00:36.308023,TRADE,6058.0,1
2024-12-16 00:00:37.496353,TRADE,6058.0,1
2024-12-16 00:00:37.887649,TRADE,6058.25,1
2024-12-16 00:00:37.888986,TRADE,6058.25,1
2024-12-16 00:00:37.891039,TRADE,6058.25,2
2024-12-16 00:00:37.892107,TRADE,6058.25,1
2024-12-16 00:00:40.034694,TRADE,6058.5,2
2024-12-16 00:00:40.034706,TRADE,6058.5,1
2024-12-16 00:00:40.664757,TRADE,6058.25,2
2024-12-16 00:00:42.008429,TRADE,6058.25,1
2024-12-16 00:00:42.008492,TRADE,6058.25,1
2024-12-16 00:00:42.008597,TRADE,6058.25,1
2024-12-16 00:00:43.126388,TRADE,6058.0,1
2024-12-16 00:00:44.638021,TRADE,6058.0,2
2024-12-16 00:00:44.638104,TRADE,6058.0,1
2024-12-16 00:00:44.639707,TRADE,6057.75,1
2024-12-16 00:00:44.639971,TRADE,6057.75,2
2024-12-16 00:00:44.640495,TRADE,6057.75,1
2024-12-16 00:00:44.641059,TRADE,6057.75,1
2024-12-16 00:00:44.641158,TRADE,6057.75,1
2024-12-16 00:00:44.641264,TRADE,6057.75,1
2024-12-16 00:00:44.920185,TRADE,6057.75,1
2024-12-16 00:00:45.306132,TRADE,6057.75,1
2024-12-16 00:00:45.307882,TRADE,6057.75,1
2024-12-16 00:00:45.308215,TRADE,6057.75,1
2024-12-16 00:00:49.546963,TRADE,6057.75,1
2024-12-16 00:00:49.647998,TRADE,6057.75,1
2024-12-16 00:00:50.419309,TRADE,6058.0,1
2024-12-16 00:01:00.184190,TRADE,6058.0,2
2024-12-16 00:01:00.184238,TRADE,6058.0,1
2024-12-16 00:01:00.184412,TRADE,6058.0,1
2024-12-16 00:01:00.184534,TRADE,6058.0,4
2024-12-16 00:01:00.297397,TRADE,6058.0,4
2024-12-16 00:01:02.063532,TRADE,6058.0,2
2024-12-16 00:01:03.573444,TRADE,6058.25,1
2024-12-16 00:01:04.489654,TRADE,6058.0,1
2024-12-16 00:01:04.670409,TRADE,6058.0,1
2024-12-16 00:01:11.351356,TRADE,6058.0,1
2024-12-16 00:01:11.608279,TRADE,6058.0,4
2024-12-16 00:01:11.636874,TRADE,6058.0,1
2024-12-16 00:01:15.294106,TRADE,6058.0,1
2024-12-16 00:01:15.294197,TRADE,6058.0,1
2024-12-16 00:01:15.294260,TRADE,6058.0,1
2024-12-16 00:01:15.294408,TRADE,6058.0,1
2024-12-16 00:01:15.294566,TRADE,6058.0,1
2024-12-16 00:01:22.148910,TRADE,6058.25,1
2024-12-16 00:01:22.148953,TRADE,6058.25,1
2024-12-16 00:01:27.167434,TRADE,6058.25,1
2024-12-16 00:01:27.376112,TRADE,6058.25,1
2024-12-16 00:01:28.004935,TRADE,6058.0,1
2024-12-16 00:01:28.532661,TRADE,6058.25,1
2024-12-16 00:01:34.117963,TRADE,6058.25,1
2024-12-16 00:01:37.597005,TRADE,6058.25,4
2024-12-16 00:01:39.050981,TRADE,6058.5,6
2024-12-16 00:01:39.056642,TRADE,6058.5,1
2024-12-16 00:01:39.057550,TRADE,6058.5,1
2024-12-16 00:01:39.057915,TRADE,6058.5,1
2024-12-16 00:01:39.205930,TRADE,6058.5,4
2024-12-16 00:01:39.206572,TRADE,6058.5,1
2024-12-16 00:01:39.206680,TRADE,6058.5,1
2024-12-16 00:01:39.207326,TRADE,6058.5,1
2024-12-16 00:01:40.066236,TRADE,6058.5,1
2024-12-16 00:01:40.305780,TRADE,6058.5,1
2024-12-16 00:01:44.567519,TRADE,6058.25,1
2024-12-16 00:01:44.567603,TRADE,6058.25,1
2024-12-16 00:01:44.568574,TRADE,6058.25,1
2024-12-16 00:01:47.174524,TRADE,6058.25,2
2024-12-16 00:01:51.602151,TRADE,6058.0,2
2024-12-16 00:01:59.440052,TRADE,6058.0,2
2024-12-16 00:02:03.250964,TRADE,6058.0,1
2024-12-16 00:02:04.669942,TRADE,6057.75,4
2024-12-16 00:02:04.687283,TRADE,6057.5,1
2024-12-16 00:02:07.365666,TRADE,6057.75,2
2024-12-16 00:02:09.890731,TRADE,6057.75,3
2024-12-16 00:02:17.262504,TRADE,6057.75,1
2024-12-16 00:02:25.676872,TRADE,6057.75,3
2024-12-16 00:02:25.677121,TRADE,6057.75,1
2024-12-16 00:02:33.364345,TRADE,6057.75,4
2024-12-16 00:02:33.364345,TRADE,6058.0,16
2024-12-16 00:02:33.366107,TRADE,6058.0,1
2024-12-16 00:02:33.366166,TRADE,6058.0,1
2024-12-16 00:02:33.837861,TRADE,6058.25,3
2024-12-16 00:02:38.155257,TRADE,6058.0,1
2024-12-16 00:02:46.811764,TRADE,6058.25,1
2024-12-16 00:02:52.060209,TRADE,6058.25,1
2024-12-16 00:02:55.492067,TRADE,6058.0,10
2024-12-16 00:02:55.492120,TRADE,6058.0,1
2024-12-16 00:02:55.492263,TRADE,6058.0,4
2024-12-16 00:02:55.492351,TRADE,6058.0,1
2024-12-16 00:02:55.492390,TRADE,6058.0,1
2024-12-16 00:02:55.492518,TRADE,6058.0,13
2024-12-16 00:02:55.493415,TRADE,6058.0,1
2024-12-16 00:03:07.050113,TRADE,6058.0,6
2024-12-16 00:03:09.671450,TRADE,6058.0,2
2024-12-16 00:03:09.805031,TRADE,6058.0,1
2024-12-16 00:03:10.906897,TRADE,6058.0,6
2024-12-16 00:03:11.739871,TRADE,6058.0,1
2024-12-16 00:03:15.955223,TRADE,6058.0,1
