time,type,price,size
2024-11-01 00:00:00.022102,TRADE,5742.75,2
2024-11-01 00:00:00.036356,TRADE,5743.0,3
2024-11-01 00:00:00.039130,TRADE,5742.75,1
2024-11-01 00:00:00.159631,TRADE,5743.0,1
2024-11-01 00:00:00.287299,TRADE,5742.75,2
2024-11-01 00:00:00.331705,TRADE,5742.75,1
2024-11-01 00:00:00.712546,TRADE,5742.75,9
2024-11-01 00:00:00.922517,TRADE,5742.5,1
2024-11-01 00:00:00.922780,TRADE,5742.5,6
2024-11-01 00:00:01.035079,TRADE,5742.25,2
2024-11-01 00:00:01.035091,TRADE,5742.25,1
2024-11-01 00:00:01.035279,TRADE,5742.25,5
2024-11-01 00:00:01.035340,TRADE,5742.25,2
2024-11-01 00:00:01.035340,TRADE,5742.25,1
2024-11-01 00:00:01.035435,TRADE,5742.25,8
2024-11-01 00:00:01.035625,TRADE,5742.25,4
2024-11-01 00:00:01.035814,TRADE,5742.25,1
2024-11-01 00:00:01.036752,TRADE,5742.0,2
2024-11-01 00:00:01.036765,TRADE,5742.0,1
2024-11-01 00:00:01.036929,TRADE,5742.25,1
2024-11-01 00:00:01.037100,TRADE,5742.0,10
2024-11-01 00:00:01.037457,TRADE,5742.0,1
2024-11-01 00:00:01.037541,TRADE,5742.0,2
2024-11-01 00:00:01.037645,TRADE,5742.0,1
2024-11-01 00:00:01.037775,TRADE,5742.0,2
2024-11-01 00:00:01.037996,TRADE,5742.0,1
2024-11-01 00:00:01.038034,TRADE,5742.0,1
2024-11-01 00:00:01.038121,TRADE,5742.0,1
2024-11-01 00:00:01.038473,TRADE,5742.0,1
2024-11-01 00:00:01.043493,TRADE,5742.0,4
2024-11-01 00:00:01.143830,TRADE,5742.0,1
2024-11-01 00:00:01.212138,TRADE,5741.75,5
2024-11-01 00:00:01.212151,TRADE,5741.5,1
2024-11-01 00:00:01.212480,TRADE,5741.75,2
2024-11-01 00:00:01.213349,TRADE,5741.75,1
2024-11-01 00:00:01.213544,TRADE,5741.75,2
2024-11-01 00:00:01.213897,TRADE,5741.75,1
2024-11-01 00:00:01.273316,TRADE,5742.0,1
2024-11-01 00:00:01.421485,TRADE,5741.75,1
2024-11-01 00:00:01.421841,TRADE,5741.75,1
2024-11-01 00:00:01.480791,TRADE,5741.5,11
2024-11-01 00:00:01.481699,TRADE,5741.5,2
2024-11-01 00:00:01.481742,TRADE,5741.5,1
2024-11-01 00:00:01.481786,TRADE,5741.5,2
2024-11-01 00:00:01.481823,TRADE,5741.5,1
2024-11-01 00:00:01.485104,TRADE,5741.5,2
2024-11-01 00:00:01.487893,TRADE,5741.5,1
2024-11-01 00:00:01.488104,TRADE,5741.5,3
2024-11-01 00:00:01.555484,TRADE,5741.25,1
2024-11-01 00:00:01.555498,TRADE,5741.25,2
2024-11-01 00:00:01.804371,TRADE,5741.5,2
2024-11-01 00:00:01.804673,TRADE,5741.5,1
2024-11-01 00:00:01.837647,TRADE,5741.5,1
2024-11-01 00:00:02.071532,TRADE,5741.75,3
2024-11-01 00:00:02.071579,TRADE,5741.75,5
2024-11-01 00:00:02.071809,TRADE,5741.75,1
2024-11-01 00:00:02.071993,TRADE,5741.75,1
2024-11-01 00:00:02.072228,TRADE,5742.0,21
2024-11-01 00:00:02.072318,TRADE,5741.75,1
2024-11-01 00:00:02.073383,TRADE,5742.0,1
2024-11-01 00:00:02.073541,TRADE,5742.0,2
2024-11-01 00:00:02.073649,TRADE,5742.0,1
2024-11-01 00:00:02.073649,TRADE,5741.75,5
2024-11-01 00:00:02.348799,TRADE,5741.75,1
2024-11-01 00:00:02.425614,TRADE,5741.75,2
2024-11-01 00:00:02.425885,TRADE,5741.75,6
2024-11-01 00:00:02.446477,TRADE,5741.5,2
2024-11-01 00:00:02.450788,TRADE,5741.5,2
2024-11-01 00:00:02.451315,TRADE,5741.5,4
2024-11-01 00:00:02.451863,TRADE,5741.25,1
2024-11-01 00:00:02.452770,TRADE,5741.25,1
2024-11-01 00:00:02.454881,TRADE,5741.25,1
2024-11-01 00:00:02.684028,TRADE,5741.25,1
2024-11-01 00:00:02.873828,TRADE,5741.5,1
2024-11-01 00:00:03.134494,TRADE,5741.5,1
2024-11-01 00:00:03.134684,TRADE,5741.5,1
2024-11-01 00:00:03.134727,TRADE,5741.5,1
2024-11-01 00:00:03.134814,TRADE,5741.5,9
2024-11-01 00:00:03.134884,TRADE,5741.25,6
2024-11-01 00:00:03.135270,TRADE,5741.5,1
2024-11-01 00:00:03.226703,TRADE,5741.25,2
2024-11-01 00:00:03.226967,TRADE,5741.25,4
2024-11-01 00:00:03.370970,TRADE,5741.0,1
2024-11-01 00:00:03.370982,TRADE,5741.0,1
2024-11-01 00:00:03.405915,TRADE,5741.0,1
2024-11-01 00:00:03.420126,TRADE,5741.0,1
2024-11-01 00:00:03.420446,TRADE,5741.0,9
2024-11-01 00:00:03.421059,TRADE,5741.0,5
2024-11-01 00:00:03.821913,TRADE,5741.0,1
2024-11-01 00:00:03.866727,TRADE,5741.0,1
2024-11-01 00:00:04.044795,TRADE,5740.75,7
2024-11-01 00:00:04.045016,TRADE,5740.75,1
2024-11-01 00:00:04.045058,TRADE,5740.75,2
2024-11-01 00:00:04.045359,TRADE,5740.75,8
2024-11-01 00:00:04.045806,TRADE,5740.75,1
2024-11-01 00:00:04.145917,TRADE,5740.75,1
2024-11-01 00:00:04.390722,TRADE,5741.0,1
2024-11-01 00:00:04.428249,TRADE,5741.0,2
2024-11-01 00:00:04.570640,TRADE,5741.25,1
2024-11-01 00:00:04.570966,TRADE,5741.25,1
2024-11-01 00:00:04.706761,TRADE,5741.5,1
2024-11-01 00:00:04.831711,TRADE,5741.5,1
2024-11-01 00:00:04.957559,TRADE,5741.25,1
2024-11-01 00:00:04.961347,TRADE,5741.25,1
2024-11-01 00:00:04.999386,TRADE,5741.25,1
2024-11-01 00:00:05.038070,TRADE,5741.25,1
2024-11-01 00:00:05.138103,TRADE,5741.25,1
2024-11-01 00:00:05.138144,TRADE,5741.25,1
2024-11-01 00:00:05.319207,TRADE,5741.0,1
2024-11-01 00:00:05.454909,TRADE,5741.0,1
2024-11-01 00:00:05.456359,TRADE,5741.0,7
2024-11-01 00:00:05.457029,TRADE,5741.0,1
2024-11-01 00:00:05.568508,TRADE,5741.0,1
2024-11-01 00:00:06.218014,TRADE,5741.0,1
2024-11-01 00:00:06.295865,TRADE,5741.0,1
2024-11-01 00:00:06.296047,TRADE,5741.0,2
2024-11-01 00:00:06.296235,TRADE,5741.0,1
2024-11-01 00:00:07.007875,TRADE,5740.75,3
2024-11-01 00:00:07.007926,TRADE,5740.75,2
2024-11-01 00:00:07.294267,TRADE,5740.5,5
2024-11-01 00:00:07.294280,TRADE,5740.5,3
2024-11-01 00:00:07.739542,TRADE,5740.75,2
2024-11-01 00:00:07.739575,TRADE,5740.75,1
2024-11-01 00:00:07.739755,TRADE,5740.75,4
2024-11-01 00:00:07.739842,TRADE,5740.75,2
2024-11-01 00:00:07.739842,TRADE,5740.75,1
2024-11-01 00:00:07.739911,TRADE,5740.75,2
2024-11-01 00:00:07.740007,TRADE,5740.75,1
2024-11-01 00:00:07.740146,TRADE,5740.75,1
2024-11-01 00:00:07.941495,TRADE,5741.0,2
2024-11-01 00:00:07.941548,TRADE,5741.0,3
2024-11-01 00:00:07.941548,TRADE,5741.0,1
2024-11-01 00:00:07.941740,TRADE,5741.0,1
2024-11-01 00:00:07.942068,TRADE,5741.0,1
2024-11-01 00:00:07.962153,TRADE,5741.0,2
2024-11-01 00:00:08.284504,TRADE,5741.0,1
2024-11-01 00:00:08.285139,TRADE,5741.0,1
2024-11-01 00:00:08.880722,TRADE,5741.0,1
2024-11-01 00:00:09.170159,TRADE,5741.25,3
2024-11-01 00:00:10.646383,TRADE,5741.25,1
2024-11-01 00:00:10.788539,TRADE,5741.25,2
2024-11-01 00:00:10.905496,TRADE,5741.0,1
2024-11-01 00:00:11.143484,TRADE,5741.0,1
2024-11-01 00:00:11.143894,TRADE,5741.0,1
2024-11-01 00:00:11.143940,TRADE,5741.0,1
2024-11-01 00:00:11.145807,TRADE,5741.0,1
2024-11-01 00:00:11.146053,TRADE,5741.0,2
2024-11-01 00:00:11.231240,TRADE,5741.0,2
2024-11-01 00:00:11.251339,TRADE,5741.0,1
2024-11-01 00:00:12.575984,TRADE,5741.0,1
2024-11-01 00:00:14.334609,TRADE,5741.0,5
2024-11-01 00:00:15.365487,TRADE,5741.0,8
2024-11-01 00:00:15.365528,TRADE,5741.0,1
2024-11-01 00:00:15.365663,TRADE,5741.0,1
2024-11-01 00:00:15.366081,TRADE,5741.0,2
2024-11-01 00:00:15.366299,TRADE,5741.0,1
2024-11-01 00:00:15.366520,TRADE,5741.0,1
2024-11-01 00:00:15.549769,TRADE,5741.0,1
2024-11-01 00:00:15.549973,TRADE,5741.0,1
2024-11-01 00:00:15.575226,TRADE,5741.0,1
2024-11-01 00:00:15.928944,TRADE,5741.0,1
2024-11-01 00:00:17.752671,TRADE,5741.0,3
2024-11-01 00:00:17.753102,TRADE,5741.0,1
2024-11-01 00:00:18.495255,TRADE,5741.0,1
2024-11-01 00:00:18.495481,TRADE,5741.0,2
2024-11-01 00:00:20.743382,TRADE,5740.75,3
2024-11-01 00:00:20.749081,TRADE,5741.0,9
2024-11-01 00:00:20.749612,TRADE,5741.0,7
2024-11-01 00:00:20.749845,TRADE,5741.0,2
2024-11-01 00:00:22.197651,TRADE,5741.0,2
2024-11-01 00:00:24.338027,TRADE,5741.0,3
2024-11-01 00:00:24.430508,TRADE,5741.0,10
2024-11-01 00:00:24.430567,TRADE,5741.0,1
2024-11-01 00:00:26.351423,TRADE,5740.75,1
2024-11-01 00:00:26.351482,TRADE,5740.75,1
2024-11-01 00:00:26.351541,TRADE,5740.75,2
2024-11-01 00:00:26.351541,TRADE,5740.75,1
2024-11-01 00:00:26.351594,TRADE,5740.75,1
2024-11-01 00:00:26.353124,TRADE,5740.75,1
2024-11-01 00:00:26.353242,TRADE,5740.5,1
2024-11-01 00:00:26.353321,TRADE,5740.75,1
2024-11-01 00:00:26.353440,TRADE,5740.75,1
2024-11-01 00:00:26.353542,TRADE,5740.75,1
2024-11-01 00:00:26.353749,TRADE,5740.75,1
2024-11-01 00:00:26.354037,TRADE,5740.75,2
2024-11-01 00:00:26.358221,TRADE,5740.5,5
2024-11-01 00:00:26.358364,TRADE,5740.5,1
2024-11-01 00:00:26.358509,TRADE,5740.5,1
2024-11-01 00:00:26.358700,TRADE,5740.5,1
2024-11-01 00:00:26.358808,TRADE,5740.5,1
2024-11-01 00:00:26.358849,TRADE,5740.5,1
2024-11-01 00:00:28.019971,TRADE,5740.5,7
2024-11-01 00:00:28.019971,TRADE,5740.25,8
2024-11-01 00:00:28.021434,TRADE,5740.5,1
2024-11-01 00:00:28.694139,TRADE,5740.5,5
2024-11-01 00:00:29.382139,TRADE,5740.5,1
2024-11-01 00:00:30.788893,TRADE,5740.25,1
2024-11-01 00:00:30.791069,TRADE,5740.25,2
2024-11-01 00:00:30.791101,TRADE,5740.25,1
2024-11-01 00:00:30.791281,TRADE,5740.25,1
2024-11-01 00:00:30.791354,TRADE,5740.25,2
2024-11-01 00:00:30.791418,TRADE,5740.25,4
2024-11-01 00:00:30.792507,TRADE,5740.0,6
2024-11-01 00:00:30.792517,TRADE,5740.0,1
2024-11-01 00:00:30.793177,TRADE,5740.25,1
2024-11-01 00:00:30.838743,TRADE,5740.25,1
2024-11-01 00:00:30.864269,TRADE,5740.25,1
2024-11-01 00:00:30.864447,TRADE,5740.25,1
2024-11-01 00:00:30.907768,TRADE,5740.25,1
2024-11-01 00:00:30.907942,TRADE,5740.25,1
2024-11-01 00:00:31.365468,TRADE,5740.5,8
2024-11-01 00:00:31.365510,TRADE,5740.5,2
2024-11-01 00:00:31.365892,TRADE,5740.5,1
2024-11-01 00:00:32.817288,TRADE,5740.5,1
2024-11-01 00:00:35.584327,TRADE,5740.75,1
2024-11-01 00:00:37.847360,TRADE,5740.5,2
2024-11-01 00:00:37.847558,TRADE,5740.5,1
2024-11-01 00:00:37.847597,TRADE,5740.5,1
2024-11-01 00:00:37.847666,TRADE,5740.5,1
2024-11-01 00:00:37.847712,TRADE,5740.5,1
2024-11-01 00:00:38.157344,TRADE,5740.5,1
2024-11-01 00:00:38.158006,TRADE,5740.5,1
2024-11-01 00:00:38.158252,TRADE,5740.5,1
2024-11-01 00:00:38.158434,TRADE,5740.5,1
2024-11-01 00:00:38.529672,TRADE,5740.25,2
2024-11-01 00:00:38.530185,TRADE,5740.25,3
2024-11-01 00:00:39.465066,TRADE,5740.25,1
2024-11-01 00:00:40.057301,TRADE,5740.25,2
2024-11-01 00:00:40.057554,TRADE,5740.25,4
2024-11-01 00:00:40.875998,TRADE,5740.25,1
2024-11-01 00:00:40.876025,TRADE,5740.25,1
2024-11-01 00:00:41.496257,TRADE,5740.0,2
2024-11-01 00:00:41.496619,TRADE,5740.0,23
2024-11-01 00:00:41.496675,TRADE,5740.0,2
2024-11-01 00:00:41.496675,TRADE,5740.0,2
2024-11-01 00:00:41.496728,TRADE,5740.0,2
2024-11-01 00:00:41.496776,TRADE,5740.0,1
2024-11-01 00:00:41.498073,TRADE,5739.75,20
2024-11-01 00:00:41.498097,TRADE,5739.5,1
2024-11-01 00:00:41.498097,TRADE,5739.5,1
2024-11-01 00:00:41.498097,TRADE,5739.5,3
2024-11-01 00:00:41.498097,TRADE,5739.5,1
2024-11-01 00:00:41.498097,TRADE,5739.5,1
2024-11-01 00:00:41.498097,TRADE,5739.5,1
2024-11-01 00:00:41.498097,TRADE,5739.5,3
2024-11-01 00:00:41.499003,TRADE,5739.5,1
2024-11-01 00:00:41.499362,TRADE,5739.5,1
2024-11-01 00:00:41.499362,TRADE,5739.5,9
2024-11-01 00:00:41.499812,TRADE,5739.5,1
2024-11-01 00:00:41.500015,TRADE,5739.5,2
2024-11-01 00:00:41.500197,TRADE,5739.5,5
2024-11-01 00:00:41.500404,TRADE,5739.5,1
2024-11-01 00:00:41.500404,TRADE,5739.5,1
2024-11-01 00:00:41.500479,TRADE,5739.25,1
2024-11-01 00:00:41.500624,TRADE,5739.25,4
2024-11-01 00:00:41.500624,TRADE,5739.25,6
2024-11-01 00:00:41.500851,TRADE,5739.5,1
2024-11-01 00:00:41.500996,TRADE,5739.25,1
2024-11-01 00:00:41.500996,TRADE,5739.25,1
2024-11-01 00:00:41.501289,TRADE,5739.25,1
2024-11-01 00:00:41.501375,TRADE,5739.25,1
2024-11-01 00:00:41.501665,TRADE,5739.25,1
2024-11-01 00:00:41.501744,TRADE,5739.25,1
2024-11-01 00:00:41.501744,TRADE,5739.25,1
2024-11-01 00:00:41.509191,TRADE,5739.25,1
2024-11-01 00:00:41.509256,TRADE,5739.25,2
2024-11-01 00:00:41.509327,TRADE,5739.25,4
2024-11-01 00:00:41.537545,TRADE,5739.25,1
2024-11-01 00:00:41.537762,TRADE,5739.25,3
2024-11-01 00:00:41.549756,TRADE,5739.0,1
2024-11-01 00:00:41.549768,TRADE,5739.0,1
2024-11-01 00:00:41.549768,TRADE,5739.0,1
2024-11-01 00:00:41.549768,TRADE,5739.0,1
2024-11-01 00:00:41.549777,TRADE,5739.0,1
2024-11-01 00:00:41.549777,TRADE,5739.0,2
2024-11-01 00:00:41.549777,TRADE,5739.0,1
2024-11-01 00:00:41.549785,TRADE,5738.75,1
2024-11-01 00:00:41.549895,TRADE,5738.75,1
2024-11-01 00:00:41.549904,TRADE,5738.75,1
2024-11-01 00:00:41.550283,TRADE,5739.0,2
2024-11-01 00:00:41.550602,TRADE,5739.0,2
2024-11-01 00:00:41.550822,TRADE,5739.0,2
2024-11-01 00:00:41.554876,TRADE,5739.0,1
2024-11-01 00:00:41.555104,TRADE,5739.0,1
2024-11-01 00:00:41.797187,TRADE,5739.0,1
2024-11-01 00:00:42.003565,TRADE,5738.75,3
2024-11-01 00:00:42.003735,TRADE,5738.75,2
2024-11-01 00:00:42.003790,TRADE,5738.75,2
2024-11-01 00:00:42.003940,TRADE,5738.75,1
2024-11-01 00:00:42.003967,TRADE,5738.75,1
2024-11-01 00:00:42.007930,TRADE,5738.5,1
2024-11-01 00:00:42.007941,TRADE,5738.5,1
2024-11-01 00:00:42.007941,TRADE,5738.5,1
2024-11-01 00:00:42.008105,TRADE,5738.5,3
2024-11-01 00:00:42.008151,TRADE,5738.5,1
2024-11-01 00:00:42.008305,TRADE,5738.5,1
2024-11-01 00:00:42.008337,TRADE,5738.5,1
2024-11-01 00:00:42.008466,TRADE,5738.5,1
2024-11-01 00:00:42.008634,TRADE,5738.5,1
2024-11-01 00:00:42.008670,TRADE,5738.5,1
2024-11-01 00:00:42.008860,TRADE,5738.5,1
2024-11-01 00:00:42.009016,TRADE,5738.5,1
2024-11-01 00:00:42.009043,TRADE,5738.5,1
2024-11-01 00:00:42.174124,TRADE,5738.5,1
2024-11-01 00:00:42.174312,TRADE,5738.5,1
2024-11-01 00:00:42.174342,TRADE,5738.5,1
2024-11-01 00:00:42.174468,TRADE,5738.5,1
2024-11-01 00:00:42.174493,TRADE,5738.5,1
2024-11-01 00:00:42.174620,TRADE,5738.5,1
2024-11-01 00:00:42.174759,TRADE,5738.5,1
2024-11-01 00:00:42.174949,TRADE,5738.5,1
2024-11-01 00:00:42.852178,TRADE,5738.5,14
2024-11-01 00:00:42.852876,TRADE,5738.5,2
2024-11-01 00:00:42.950422,TRADE,5738.5,1
2024-11-01 00:00:42.950577,TRADE,5738.5,2
2024-11-01 00:00:42.954093,TRADE,5738.25,1
2024-11-01 00:00:42.954104,TRADE,5738.25,1
2024-11-01 00:00:42.954104,TRADE,5738.0,22
2024-11-01 00:00:42.954104,TRADE,5737.75,8
2024-11-01 00:00:42.954284,TRADE,5737.75,1
2024-11-01 00:00:42.954293,TRADE,5737.75,1
2024-11-01 00:00:42.954301,TRADE,5737.75,5
2024-11-01 00:00:42.954301,TRADE,5737.75,1
2024-11-01 00:00:42.954308,TRADE,5737.75,1
2024-11-01 00:00:42.955493,TRADE,5738.0,1
2024-11-01 00:00:42.955717,TRADE,5738.0,1
2024-11-01 00:00:42.959898,TRADE,5738.0,1
2024-11-01 00:00:42.959937,TRADE,5738.0,1
2024-11-01 00:00:43.005761,TRADE,5737.75,1
2024-11-01 00:00:43.020851,TRADE,5737.75,2
2024-11-01 00:00:43.021087,TRADE,5737.75,1
2024-11-01 00:00:43.375407,TRADE,5737.75,5
2024-11-01 00:00:43.393148,TRADE,5737.75,1
2024-11-01 00:00:43.513629,TRADE,5737.75,1
2024-11-01 00:00:43.513810,TRADE,5737.75,1
2024-11-01 00:00:43.513863,TRADE,5737.75,2
2024-11-01 00:00:43.702585,TRADE,5737.5,4
2024-11-01 00:00:43.702585,TRADE,5737.25,1
2024-11-01 00:00:43.702599,TRADE,5737.25,2
2024-11-01 00:00:43.726895,TRADE,5737.25,1
2024-11-01 00:00:43.727084,TRADE,5737.25,1
2024-11-01 00:00:43.727238,TRADE,5737.25,1
2024-11-01 00:00:43.727274,TRADE,5737.25,1
2024-11-01 00:00:43.727379,TRADE,5737.25,4
2024-11-01 00:00:43.728001,TRADE,5737.25,2
2024-11-01 00:00:43.728226,TRADE,5737.25,4
2024-11-01 00:00:43.851904,TRADE,5737.25,2
2024-11-01 00:00:44.299181,TRADE,5737.25,2
2024-11-01 00:00:44.322620,TRADE,5737.25,7
2024-11-01 00:00:44.322658,TRADE,5737.5,1
2024-11-01 00:00:44.575174,TRADE,5737.5,1
2024-11-01 00:00:44.728367,TRADE,5737.5,1
2024-11-01 00:00:44.883738,TRADE,5737.5,1
2024-11-01 00:00:45.151741,TRADE,5737.25,1
2024-11-01 00:00:45.152240,TRADE,5737.25,1
2024-11-01 00:00:45.405830,TRADE,5737.5,1
2024-11-01 00:00:45.653892,TRADE,5737.25,1
2024-11-01 00:00:45.654199,TRADE,5737.25,1
2024-11-01 00:00:45.823228,TRADE,5737.25,6
2024-11-01 00:00:45.823228,TRADE,5737.0,9
2024-11-01 00:00:45.823246,TRADE,5737.0,2
2024-11-01 00:00:45.823246,TRADE,5737.0,1
2024-11-01 00:00:46.013812,TRADE,5737.25,1
2024-11-01 00:00:46.013968,TRADE,5737.25,1
2024-11-01 00:00:46.014033,TRADE,5737.25,3
2024-11-01 00:00:46.014122,TRADE,5737.25,2
2024-11-01 00:00:46.014122,TRADE,5737.25,2
2024-11-01 00:00:46.037937,TRADE,5737.25,2
2024-11-01 00:00:46.058953,TRADE,5737.25,2
2024-11-01 00:00:46.059161,TRADE,5737.25,1
2024-11-01 00:00:46.487704,TRADE,5737.5,1
2024-11-01 00:00:46.489896,TRADE,5737.5,1
2024-11-01 00:00:46.490134,TRADE,5737.5,4
2024-11-01 00:00:46.490216,TRADE,5737.5,2
2024-11-01 00:00:46.490308,TRADE,5737.5,3
2024-11-01 00:00:46.490308,TRADE,5737.5,2
2024-11-01 00:00:46.490474,TRADE,5737.5,1
2024-11-01 00:00:46.601569,TRADE,5737.75,6
2024-11-01 00:00:46.784285,TRADE,5738.0,1
2024-11-01 00:00:46.784467,TRADE,5738.0,1
2024-11-01 00:00:46.784509,TRADE,5738.0,1
2024-11-01 00:00:46.784570,TRADE,5738.0,4
2024-11-01 00:00:46.784650,TRADE,5738.0,1
2024-11-01 00:00:46.784991,TRADE,5738.0,1
2024-11-01 00:00:46.808951,TRADE,5738.0,2
2024-11-01 00:00:46.829822,TRADE,5738.0,1
2024-11-01 00:00:47.603848,TRADE,5738.0,2
2024-11-01 00:00:48.199427,TRADE,5738.0,1
2024-11-01 00:00:48.199462,TRADE,5738.0,1
2024-11-01 00:00:48.536271,TRADE,5738.25,2
2024-11-01 00:00:48.536344,TRADE,5738.25,3
2024-11-01 00:00:48.536344,TRADE,5738.25,1
2024-11-01 00:00:49.490956,TRADE,5738.5,6
2024-11-01 00:00:49.491419,TRADE,5738.5,1
2024-11-01 00:00:49.491515,TRADE,5738.5,1
2024-11-01 00:00:49.491609,TRADE,5738.5,1
2024-11-01 00:00:49.491609,TRADE,5738.5,1
2024-11-01 00:00:49.491758,TRADE,5738.5,1
2024-11-01 00:00:49.695806,TRADE,5738.5,2
2024-11-01 00:00:49.696013,TRADE,5738.5,1
2024-11-01 00:00:49.696316,TRADE,5738.5,1
2024-11-01 00:00:49.838913,TRADE,5738.25,1
2024-11-01 00:00:50.654676,TRADE,5738.25,2
2024-11-01 00:00:50.762000,TRADE,5738.5,1
2024-11-01 00:00:51.363610,TRADE,5738.5,14
2024-11-01 00:00:51.364540,TRADE,5738.5,1
2024-11-01 00:00:51.474077,TRADE,5738.5,1
2024-11-01 00:00:51.800523,TRADE,5738.75,1
2024-11-01 00:00:53.327354,TRADE,5738.75,1
2024-11-01 00:00:53.327544,TRADE,5738.75,4
2024-11-01 00:00:53.327575,TRADE,5738.75,1
2024-11-01 00:00:53.327755,TRADE,5738.75,1
2024-11-01 00:00:53.327845,TRADE,5738.75,1
2024-11-01 00:00:53.327973,TRADE,5738.75,1
2024-11-01 00:00:53.328107,TRADE,5738.75,1
2024-11-01 00:00:53.608152,TRADE,5738.5,3
2024-11-01 00:00:53.608247,TRADE,5738.5,2
2024-11-01 00:00:53.608247,TRADE,5738.5,2
2024-11-01 00:00:53.608400,TRADE,5738.5,1
2024-11-01 00:00:54.692583,TRADE,5738.5,2
2024-11-01 00:00:55.008944,TRADE,5738.5,4
2024-11-01 00:00:55.009106,TRADE,5738.5,1
2024-11-01 00:00:55.688674,TRADE,5738.25,1
2024-11-01 00:00:55.797713,TRADE,5738.25,1
2024-11-01 00:00:55.797753,TRADE,5738.25,2
2024-11-01 00:00:55.797945,TRADE,5738.25,3
2024-11-01 00:00:55.798149,TRADE,5738.25,1
2024-11-01 00:00:57.018840,TRADE,5738.25,8
2024-11-01 00:00:59.279847,TRADE,5738.5,1
2024-11-01 00:00:59.881222,TRADE,5738.25,3
2024-11-01 00:00:59.882248,TRADE,5738.25,1
2024-11-01 00:01:00.100789,TRADE,5738.25,1
2024-11-01 00:01:00.100975,TRADE,5738.25,1
2024-11-01 00:01:00.777625,TRADE,5738.25,1
2024-11-01 00:01:00.777708,TRADE,5738.25,2
2024-11-01 00:01:00.777708,TRADE,5738.25,1
2024-11-01 00:01:01.189131,TRADE,5738.5,2
2024-11-01 00:01:01.286906,TRADE,5738.25,1
2024-11-01 00:01:03.827211,TRADE,5738.5,1
2024-11-01 00:01:03.827554,TRADE,5738.5,12
2024-11-01 00:01:03.827719,TRADE,5738.5,1
2024-11-01 00:01:05.561389,TRADE,5738.75,6
2024-11-01 00:01:06.056953,TRADE,5739.0,2
2024-11-01 00:01:06.057409,TRADE,5739.0,2
2024-11-01 00:01:06.077773,TRADE,5739.0,1
2024-11-01 00:01:06.323783,TRADE,5738.75,1
2024-11-01 00:01:06.323816,TRADE,5738.75,1
2024-11-01 00:01:06.923135,TRADE,5738.75,1
2024-11-01 00:01:07.327421,TRADE,5738.75,2
2024-11-01 00:01:07.690276,TRADE,5738.75,1
2024-11-01 00:01:08.423054,TRADE,5738.75,13
2024-11-01 00:01:08.423054,TRADE,5739.0,17
2024-11-01 00:01:08.549202,TRADE,5738.75,3
2024-11-01 00:01:09.356237,TRADE,5738.75,1
2024-11-01 00:01:09.832910,TRADE,5738.75,2
2024-11-01 00:01:10.058763,TRADE,5738.75,1
2024-11-01 00:01:10.513852,TRADE,5738.75,1
2024-11-01 00:01:11.280857,TRADE,5738.75,1
2024-11-01 00:01:11.551265,TRADE,5738.75,1
2024-11-01 00:01:11.551446,TRADE,5738.75,1
2024-11-01 00:01:11.551854,TRADE,5738.75,1
2024-11-01 00:01:11.723133,TRADE,5739.0,1
2024-11-01 00:01:11.870861,TRADE,5738.75,1
2024-11-01 00:01:12.260796,TRADE,5738.75,2
2024-11-01 00:01:12.316772,TRADE,5738.75,1
2024-11-01 00:01:13.604662,TRADE,5739.0,1
2024-11-01 00:01:13.665987,TRADE,5739.0,1
2024-11-01 00:01:15.135618,TRADE,5739.0,2
2024-11-01 00:01:15.135946,TRADE,5739.0,1
2024-11-01 00:01:15.136149,TRADE,5739.0,1
2024-11-01 00:01:15.136209,TRADE,5739.0,1
2024-11-01 00:01:15.690884,TRADE,5739.0,1
2024-11-01 00:01:15.793644,TRADE,5739.0,1
2024-11-01 00:01:15.793714,TRADE,5739.0,2
2024-11-01 00:01:16.048757,TRADE,5739.0,1
2024-11-01 00:01:17.894511,TRADE,5739.0,1
2024-11-01 00:01:17.894672,TRADE,5739.0,1
2024-11-01 00:01:18.824444,TRADE,5739.25,2
2024-11-01 00:01:18.828943,TRADE,5739.25,2
2024-11-01 00:01:19.927209,TRADE,5739.0,2
2024-11-01 00:01:20.530594,TRADE,5739.25,3
2024-11-01 00:01:20.530844,TRADE,5739.25,1
2024-11-01 00:01:20.805312,TRADE,5739.0,2
2024-11-01 00:01:20.805397,TRADE,5739.0,1
2024-11-01 00:01:20.805397,TRADE,5739.0,1
2024-11-01 00:01:21.526392,TRADE,5738.75,2
2024-11-01 00:01:21.585635,TRADE,5738.75,1
2024-11-01 00:01:21.585852,TRADE,5738.75,1
2024-11-01 00:01:23.051463,TRADE,5738.75,1
2024-11-01 00:01:23.051542,TRADE,5738.75,2
2024-11-01 00:01:23.051542,TRADE,5738.75,2
2024-11-01 00:01:23.051703,TRADE,5738.75,1
2024-11-01 00:01:23.051749,TRADE,5738.75,1
2024-11-01 00:01:24.578132,TRADE,5738.75,8
2024-11-01 00:01:24.578580,TRADE,5738.75,3
2024-11-01 00:01:25.066887,TRADE,5738.75,3
2024-11-01 00:01:25.184940,TRADE,5738.75,2
2024-11-01 00:01:25.184940,TRADE,5738.5,1
2024-11-01 00:01:25.764434,TRADE,5738.75,2
2024-11-01 00:01:25.765810,TRADE,5738.5,7
2024-11-01 00:01:25.889969,TRADE,5738.5,2
2024-11-01 00:01:27.571591,TRADE,5738.5,1
2024-11-01 00:01:27.572057,TRADE,5738.5,1
2024-11-01 00:01:27.572415,TRADE,5738.5,1
2024-11-01 00:01:29.169623,TRADE,5738.5,8
2024-11-01 00:01:29.170020,TRADE,5738.5,2
2024-11-01 00:01:31.280479,TRADE,5738.5,2
2024-11-01 00:01:31.280643,TRADE,5738.5,1
2024-11-01 00:01:31.280684,TRADE,5738.5,1
2024-11-01 00:01:31.280730,TRADE,5738.5,1
2024-11-01 00:01:31.280983,TRADE,5738.5,1
2024-11-01 00:01:33.067561,TRADE,5738.25,1
2024-11-01 00:01:33.067597,TRADE,5738.25,1
2024-11-01 00:01:33.067801,TRADE,5738.25,1
2024-11-01 00:01:33.757838,TRADE,5738.5,2
2024-11-01 00:01:33.758070,TRADE,5738.5,7
2024-11-01 00:01:33.778986,TRADE,5738.5,6
2024-11-01 00:01:34.038456,TRADE,5738.75,1
2024-11-01 00:01:34.038551,TRADE,5738.75,4
2024-11-01 00:01:34.038731,TRADE,5738.75,1
2024-11-01 00:01:34.038953,TRADE,5738.75,1
2024-11-01 00:01:35.008568,TRADE,5738.5,6
2024-11-01 00:01:37.057894,TRADE,5738.5,1
2024-11-01 00:01:37.058024,TRADE,5738.5,4
2024-11-01 00:01:37.058024,TRADE,5738.5,1
2024-11-01 00:01:37.058255,TRADE,5738.5,2
2024-11-01 00:01:37.752769,TRADE,5738.75,1
2024-11-01 00:01:38.961163,TRADE,5738.75,6
2024-11-01 00:01:38.974309,TRADE,5738.75,3
2024-11-01 00:01:40.389195,TRADE,5738.5,2
2024-11-01 00:01:40.389376,TRADE,5738.5,1
2024-11-01 00:01:41.009268,TRADE,5738.25,4
2024-11-01 00:01:41.420928,TRADE,5738.25,2
2024-11-01 00:01:41.421269,TRADE,5738.25,1
2024-11-01 00:01:41.421505,TRADE,5738.25,1
2024-11-01 00:01:44.629262,TRADE,5738.0,5
2024-11-01 00:01:46.892550,TRADE,5738.25,1
2024-11-01 00:01:46.892835,TRADE,5738.25,9
2024-11-01 00:01:46.892947,TRADE,5738.25,1
2024-11-01 00:01:46.893048,TRADE,5738.25,1
2024-11-01 00:01:46.893124,TRADE,5738.25,1
2024-11-01 00:01:46.893124,TRADE,5738.25,1
2024-11-01 00:01:46.894978,TRADE,5738.25,1
2024-11-01 00:01:49.328091,TRADE,5738.25,2
2024-11-01 00:01:49.664580,TRADE,5738.25,1
2024-11-01 00:01:51.176990,TRADE,5738.25,1
2024-11-01 00:01:51.531755,TRADE,5738.25,6
2024-11-01 00:01:52.402279,TRADE,5738.5,1
2024-11-01 00:01:52.402475,TRADE,5738.5,1
2024-11-01 00:01:52.762058,TRADE,5738.25,1
2024-11-01 00:01:56.032329,TRADE,5738.5,1
2024-11-01 00:01:59.448217,TRADE,5738.5,10
2024-11-01 00:01:59.925301,TRADE,5738.5,1
2024-11-01 00:01:59.925402,TRADE,5738.5,2
2024-11-01 00:02:01.113761,TRADE,5738.5,1
2024-11-01 00:02:01.160040,TRADE,5738.5,1
2024-11-01 00:02:01.160084,TRADE,5738.5,2
2024-11-01 00:02:01.502676,TRADE,5738.5,1
2024-11-01 00:02:01.503060,TRADE,5738.5,1
2024-11-01 00:02:01.503243,TRADE,5738.5,1
2024-11-01 00:02:01.503282,TRADE,5738.5,1
2024-11-01 00:02:01.703484,TRADE,5738.5,1
2024-11-01 00:02:02.876264,TRADE,5738.75,1
2024-11-01 00:02:02.876453,TRADE,5738.75,1
2024-11-01 00:02:02.876558,TRADE,5738.75,1
2024-11-01 00:02:02.876575,TRADE,5738.75,1
2024-11-01 00:02:02.974278,TRADE,5738.75,3
2024-11-01 00:02:04.303891,TRADE,5738.5,2
2024-11-01 00:02:04.768948,TRADE,5738.75,1
2024-11-01 00:02:05.817765,TRADE,5738.75,1
2024-11-01 00:02:06.106258,TRADE,5738.75,3
2024-11-01 00:02:06.106576,TRADE,5738.75,1
2024-11-01 00:02:06.351480,TRADE,5739.0,2
2024-11-01 00:02:06.351493,TRADE,5739.0,1
2024-11-01 00:02:10.779982,TRADE,5739.0,2
2024-11-01 00:02:10.780091,TRADE,5739.0,7
2024-11-01 00:02:10.780127,TRADE,5739.0,1
2024-11-01 00:02:12.183173,TRADE,5739.25,1
2024-11-01 00:02:13.222633,TRADE,5739.25,1
2024-11-01 00:02:15.028865,TRADE,5739.25,2
2024-11-01 00:02:15.029052,TRADE,5739.25,1
2024-11-01 00:02:15.029335,TRADE,5739.25,1
2024-11-01 00:02:15.029486,TRADE,5739.25,1
2024-11-01 00:02:15.029582,TRADE,5739.25,1
2024-11-01 00:02:15.029582,TRADE,5739.25,1
2024-11-01 00:02:18.028281,TRADE,5739.25,2
2024-11-01 00:02:18.923139,TRADE,5739.0,1
2024-11-01 00:02:18.929309,TRADE,5739.0,4
2024-11-01 00:02:21.518975,TRADE,5738.75,1
2024-11-01 00:02:21.520052,TRADE,5738.75,2
2024-11-01 00:02:21.520240,TRADE,5738.75,1
2024-11-01 00:02:22.141300,TRADE,5738.75,1
2024-11-01 00:02:22.141339,TRADE,5738.75,1
2024-11-01 00:02:23.506028,TRADE,5738.75,1
2024-11-01 00:02:26.471554,TRADE,5738.5,2
2024-11-01 00:02:30.578367,TRADE,5738.5,6
2024-11-01 00:02:30.794170,TRADE,5738.25,4
2024-11-01 00:02:30.794387,TRADE,5738.25,2
2024-11-01 00:02:30.794465,TRADE,5738.25,2
2024-11-01 00:02:30.794994,TRADE,5738.25,1
2024-11-01 00:02:30.795188,TRADE,5738.25,1
2024-11-01 00:02:31.705569,TRADE,5738.25,1
2024-11-01 00:02:31.705814,TRADE,5738.25,3
2024-11-01 00:02:33.617551,TRADE,5738.0,4
2024-11-01 00:02:33.617894,TRADE,5738.0,14
2024-11-01 00:02:34.514649,TRADE,5737.75,1
2024-11-01 00:02:34.538669,TRADE,5737.75,1
2024-11-01 00:02:34.538875,TRADE,5737.75,1
2024-11-01 00:02:34.538875,TRADE,5737.75,1
2024-11-01 00:02:34.539521,TRADE,5737.75,1
2024-11-01 00:02:34.540056,TRADE,5737.75,1
2024-11-01 00:02:34.540056,TRADE,5737.75,1
2024-11-01 00:02:35.735006,TRADE,5737.75,1
2024-11-01 00:02:36.949231,TRADE,5737.75,4
2024-11-01 00:02:36.949937,TRADE,5737.75,1
2024-11-01 00:02:36.951036,TRADE,5737.75,1
2024-11-01 00:02:36.951114,TRADE,5737.75,1
2024-11-01 00:02:36.951114,TRADE,5737.75,1
2024-11-01 00:02:38.625631,TRADE,5737.75,1
2024-11-01 00:02:38.930450,TRADE,5737.5,1
2024-11-01 00:02:38.930462,TRADE,5737.5,1
2024-11-01 00:02:39.154440,TRADE,5737.75,12
2024-11-01 00:02:39.154575,TRADE,5737.75,9
2024-11-01 00:02:39.154613,TRADE,5737.75,1
2024-11-01 00:02:39.154892,TRADE,5737.75,2
2024-11-01 00:02:39.155010,TRADE,5737.75,4
2024-11-01 00:02:39.155010,TRADE,5737.75,1
2024-11-01 00:02:39.155168,TRADE,5738.0,6
2024-11-01 00:02:39.155279,TRADE,5738.0,3
2024-11-01 00:02:39.155279,TRADE,5738.0,2
2024-11-01 00:02:39.155434,TRADE,5738.0,1
2024-11-01 00:02:39.155466,TRADE,5738.0,1
2024-11-01 00:02:39.821428,TRADE,5738.0,1
2024-11-01 00:02:40.329856,TRADE,5738.25,8
2024-11-01 00:02:40.329893,TRADE,5738.25,1
2024-11-01 00:02:40.513111,TRADE,5738.25,2
2024-11-01 00:02:40.513342,TRADE,5738.25,2
2024-11-01 00:02:40.629114,TRADE,5738.25,1
2024-11-01 00:02:41.126524,TRADE,5738.5,2
2024-11-01 00:02:41.126704,TRADE,5738.5,1
2024-11-01 00:02:42.037683,TRADE,5738.5,2
2024-11-01 00:02:42.037707,TRADE,5738.5,1
2024-11-01 00:02:42.037743,TRADE,5738.5,1
2024-11-01 00:02:44.337942,TRADE,5738.75,1
2024-11-01 00:02:44.472445,TRADE,5738.5,1
2024-11-01 00:02:44.472653,TRADE,5738.5,4
2024-11-01 00:02:46.420316,TRADE,5738.5,9
2024-11-01 00:02:46.420316,TRADE,5738.75,1
2024-11-01 00:02:49.275276,TRADE,5738.5,2
2024-11-01 00:02:49.275618,TRADE,5738.5,2
2024-11-01 00:02:49.275820,TRADE,5738.5,1
2024-11-01 00:02:49.275960,TRADE,5738.5,1
2024-11-01 00:02:49.276138,TRADE,5738.5,1
2024-11-01 00:02:59.339598,TRADE,5738.25,1
2024-11-01 00:02:59.550896,TRADE,5738.5,11
2024-11-01 00:03:00.232779,TRADE,5738.5,6
2024-11-01 00:03:01.197517,TRADE,5738.75,1
2024-11-01 00:03:01.197716,TRADE,5738.75,2
2024-11-01 00:03:01.197778,TRADE,5738.75,1
2024-11-01 00:03:01.197778,TRADE,5738.75,1
2024-11-01 00:03:01.197948,TRADE,5738.75,1
2024-11-01 00:03:02.756390,TRADE,5738.5,3
2024-11-01 00:03:03.811548,TRADE,5738.5,1
2024-11-01 00:03:10.859899,TRADE,5738.5,8
2024-11-01 00:03:10.860370,TRADE,5738.5,1
2024-11-01 00:03:10.860427,TRADE,5738.5,1
2024-11-01 00:03:10.872038,TRADE,5738.5,1
2024-11-01 00:03:10.872413,TRADE,5738.5,3
2024-11-01 00:03:11.274297,TRADE,5738.75,1
2024-11-01 00:03:12.636311,TRADE,5738.5,5
2024-11-01 00:03:14.940778,TRADE,5738.5,11
2024-11-01 00:03:15.507747,TRADE,5738.5,1
2024-11-01 00:03:17.595039,TRADE,5738.25,1
2024-11-01 00:03:17.626773,TRADE,5738.25,3
2024-11-01 00:03:17.626856,TRADE,5738.25,2
2024-11-01 00:03:17.626856,TRADE,5738.25,1
2024-11-01 00:03:17.627005,TRADE,5738.25,1
2024-11-01 00:03:17.628617,TRADE,5738.25,1
2024-11-01 00:03:18.007412,TRADE,5738.0,1
2024-11-01 00:03:18.070467,TRADE,5738.0,3
2024-11-01 00:03:18.070510,TRADE,5738.0,2
2024-11-01 00:03:18.070655,TRADE,5738.0,1
2024-11-01 00:03:18.070719,TRADE,5738.0,2
2024-11-01 00:03:21.416887,TRADE,5738.0,3
2024-11-01 00:03:21.417204,TRADE,5738.0,6
2024-11-01 00:03:21.417278,TRADE,5738.0,1
2024-11-01 00:03:21.428690,TRADE,5738.0,3
2024-11-01 00:03:21.429037,TRADE,5738.0,2
2024-11-01 00:03:21.834200,TRADE,5738.0,2
2024-11-01 00:03:21.834420,TRADE,5738.0,2
2024-11-01 00:03:22.502091,TRADE,5738.0,3
2024-11-01 00:03:22.502300,TRADE,5738.0,1
2024-11-01 00:03:23.908227,TRADE,5738.25,2
2024-11-01 00:03:25.904982,TRADE,5738.0,7
2024-11-01 00:03:25.905021,TRADE,5738.0,1
2024-11-01 00:03:25.905373,TRADE,5738.0,2
2024-11-01 00:03:25.909276,TRADE,5738.0,1
2024-11-01 00:03:25.910906,TRADE,5738.0,1
2024-11-01 00:03:26.304465,TRADE,5738.0,1
2024-11-01 00:03:26.304607,TRADE,5738.0,1
2024-11-01 00:03:27.876574,TRADE,5738.0,2
2024-11-01 00:03:27.876636,TRADE,5738.0,1
2024-11-01 00:03:27.876636,TRADE,5738.0,4
2024-11-01 00:03:27.876840,TRADE,5738.0,1
2024-11-01 00:03:27.876968,TRADE,5738.0,1
2024-11-01 00:03:27.877179,TRADE,5738.0,1
2024-11-01 00:03:27.877959,TRADE,5738.0,1
2024-11-01 00:03:27.878008,TRADE,5738.0,1
2024-11-01 00:03:27.919237,TRADE,5738.25,3
2024-11-01 00:03:28.320904,TRADE,5738.25,2
2024-11-01 00:03:28.332881,TRADE,5738.25,2
2024-11-01 00:03:31.571250,TRADE,5738.25,7
2024-11-01 00:03:31.572626,TRADE,5738.25,1
2024-11-01 00:03:31.809491,TRADE,5738.25,5
2024-11-01 00:03:32.381859,TRADE,5738.5,2
2024-11-01 00:03:32.381889,TRADE,5738.5,2
2024-11-01 00:03:32.413579,TRADE,5738.5,1
2024-11-01 00:03:33.123210,TRADE,5738.5,1
2024-11-01 00:03:33.226449,TRADE,5738.5,1
2024-11-01 00:03:33.227196,TRADE,5738.5,1
2024-11-01 00:03:33.227715,TRADE,5738.5,1
2024-11-01 00:03:33.715316,TRADE,5738.5,1
2024-11-01 00:03:33.896226,TRADE,5738.5,2
2024-11-01 00:03:36.009210,TRADE,5738.5,1
2024-11-01 00:03:36.009282,TRADE,5738.5,5
2024-11-01 00:03:36.009768,TRADE,5738.5,1
2024-11-01 00:03:36.009971,TRADE,5738.5,1
2024-11-01 00:03:36.010888,TRADE,5738.25,4
2024-11-01 00:03:36.010936,TRADE,5738.25,2
2024-11-01 00:03:36.010971,TRADE,5738.25,3
2024-11-01 00:03:36.011036,TRADE,5738.5,1
2024-11-01 00:03:36.011083,TRADE,5738.25,1
2024-11-01 00:03:36.011314,TRADE,5738.25,1
2024-11-01 00:03:36.011529,TRADE,5738.25,1
2024-11-01 00:03:36.011595,TRADE,5738.25,1
2024-11-01 00:03:36.011706,TRADE,5738.25,1
2024-11-01 00:03:36.011759,TRADE,5738.25,2
2024-11-01 00:03:36.011905,TRADE,5738.25,1
2024-11-01 00:03:36.012424,TRADE,5738.0,8
2024-11-01 00:03:37.198442,TRADE,5738.25,11
2024-11-01 00:03:37.199326,TRADE,5738.5,1
2024-11-01 00:03:37.199535,TRADE,5738.5,1
2024-11-01 00:03:43.067189,TRADE,5738.5,4
2024-11-01 00:03:43.067549,TRADE,5738.5,1
2024-11-01 00:03:43.067753,TRADE,5738.5,1
2024-11-01 00:03:45.842002,TRADE,5738.25,1
2024-11-01 00:03:47.380401,TRADE,5738.25,11
2024-11-01 00:03:47.380743,TRADE,5738.25,1
2024-11-01 00:03:47.381754,TRADE,5738.25,1
2024-11-01 00:03:47.381852,TRADE,5738.25,1
2024-11-01 00:03:47.381852,TRADE,5738.25,1
2024-11-01 00:03:47.381917,TRADE,5738.25,1
2024-11-01 00:03:47.382107,TRADE,5738.25,1
2024-11-01 00:03:47.382319,TRADE,5738.25,1
2024-11-01 00:03:48.263675,TRADE,5738.25,5
2024-11-01 00:03:48.263945,TRADE,5738.25,3
2024-11-01 00:03:52.812281,TRADE,5738.0,2
2024-11-01 00:03:52.812505,TRADE,5738.0,1
2024-11-01 00:03:52.812630,TRADE,5738.0,4
2024-11-01 00:03:52.812630,TRADE,5738.0,1
2024-11-01 00:03:52.812630,TRADE,5738.0,1
2024-11-01 00:03:52.812662,TRADE,5738.0,1
2024-11-01 00:03:52.813465,TRADE,5738.0,2
2024-11-01 00:03:52.813501,TRADE,5738.0,1
2024-11-01 00:03:52.814116,TRADE,5738.0,1
2024-11-01 00:03:55.054766,TRADE,5738.0,2
2024-11-01 00:03:55.055123,TRADE,5738.0,1
2024-11-01 00:03:55.055226,TRADE,5738.0,1
2024-11-01 00:03:55.055304,TRADE,5738.0,1
2024-11-01 00:03:56.346395,TRADE,5738.25,9
2024-11-01 00:03:58.519151,TRADE,5738.25,1
2024-11-01 00:03:58.519453,TRADE,5738.25,1
2024-11-01 00:03:59.574255,TRADE,5738.25,1
2024-11-01 00:03:59.574429,TRADE,5738.25,1
2024-11-01 00:04:00.071358,TRADE,5738.0,8
2024-11-01 00:04:00.086532,TRADE,5738.0,1
2024-11-01 00:04:01.861782,TRADE,5738.0,10
2024-11-01 00:04:01.862326,TRADE,5738.25,1
2024-11-01 00:04:01.862537,TRADE,5738.25,4
2024-11-01 00:04:01.862600,TRADE,5738.25,1
2024-11-01 00:04:01.862600,TRADE,5738.25,1
2024-11-01 00:04:01.862623,TRADE,5738.25,1
2024-11-01 00:04:01.908792,TRADE,5738.25,1
2024-11-01 00:04:01.908988,TRADE,5738.25,3
2024-11-01 00:04:02.203538,TRADE,5738.25,3
2024-11-01 00:04:02.324628,TRADE,5738.5,4
2024-11-01 00:04:02.324810,TRADE,5738.5,1
2024-11-01 00:04:03.905391,TRADE,5738.75,1
2024-11-01 00:04:03.905619,TRADE,5738.75,3
2024-11-01 00:04:03.905653,TRADE,5738.75,1
2024-11-01 00:04:03.905841,TRADE,5738.75,5
2024-11-01 00:04:03.906381,TRADE,5738.75,1
2024-11-01 00:04:03.906425,TRADE,5738.75,1
2024-11-01 00:04:03.906635,TRADE,5738.75,1
2024-11-01 00:04:04.378757,TRADE,5739.0,6
2024-11-01 00:04:04.378832,TRADE,5739.0,1
2024-11-01 00:04:04.378832,TRADE,5739.0,3
2024-11-01 00:04:04.378858,TRADE,5739.0,1
2024-11-01 00:04:04.971358,TRADE,5739.0,1
2024-11-01 00:04:04.971454,TRADE,5739.0,3
2024-11-01 00:04:04.971502,TRADE,5739.0,4
2024-11-01 00:04:04.971502,TRADE,5739.0,2
2024-11-01 00:04:04.971716,TRADE,5739.0,1
2024-11-01 00:04:05.743564,TRADE,5738.75,4
2024-11-01 00:04:06.946367,TRADE,5738.75,5
2024-11-01 00:04:07.938317,TRADE,5738.5,3
2024-11-01 00:04:07.938371,TRADE,5738.5,1
2024-11-01 00:04:07.938474,TRADE,5738.5,1
2024-11-01 00:04:07.938556,TRADE,5738.5,1
2024-11-01 00:04:07.938556,TRADE,5738.5,1
2024-11-01 00:04:07.938682,TRADE,5738.5,5
2024-11-01 00:04:09.058964,TRADE,5738.25,5
2024-11-01 00:04:09.059863,TRADE,5738.25,4
2024-11-01 00:04:09.060296,TRADE,5738.25,1
2024-11-01 00:04:09.060410,TRADE,5738.25,1
2024-11-01 00:04:09.060460,TRADE,5738.25,1
2024-11-01 00:04:09.060504,TRADE,5738.25,1
2024-11-01 00:04:09.060547,TRADE,5738.25,2
2024-11-01 00:04:09.060711,TRADE,5738.0,9
2024-11-01 00:04:10.500654,TRADE,5738.25,1
2024-11-01 00:04:11.812439,TRADE,5738.25,1
2024-11-01 00:04:12.233731,TRADE,5738.0,2
2024-11-01 00:04:12.234028,TRADE,5738.0,32
2024-11-01 00:04:12.436985,TRADE,5738.0,2
2024-11-01 00:04:12.437077,TRADE,5738.0,1
2024-11-01 00:04:12.437077,TRADE,5738.0,2
2024-11-01 00:04:12.437138,TRADE,5738.0,1
2024-11-01 00:04:12.437224,TRADE,5738.0,1
2024-11-01 00:04:12.437309,TRADE,5738.0,1
2024-11-01 00:04:12.437309,TRADE,5738.0,1
2024-11-01 00:04:12.437339,TRADE,5738.0,1
2024-11-01 00:04:14.109330,TRADE,5738.0,7
2024-11-01 00:04:14.109868,TRADE,5738.0,3
2024-11-01 00:04:14.109904,TRADE,5738.0,2
2024-11-01 00:04:14.842615,TRADE,5738.0,1
2024-11-01 00:04:15.082210,TRADE,5738.0,4
2024-11-01 00:04:15.777999,TRADE,5738.0,1
2024-11-01 00:04:17.254743,TRADE,5738.0,1
2024-11-01 00:04:18.146087,TRADE,5738.25,6
2024-11-01 00:04:18.146140,TRADE,5738.25,2
2024-11-01 00:04:18.146242,TRADE,5738.25,3
2024-11-01 00:04:18.146242,TRADE,5738.25,4
2024-11-01 00:04:18.146515,TRADE,5738.25,1
2024-11-01 00:04:18.146595,TRADE,5738.5,2
2024-11-01 00:04:18.146865,TRADE,5738.5,10
2024-11-01 00:04:18.147133,TRADE,5738.5,2
2024-11-01 00:04:18.147492,TRADE,5738.5,2
2024-11-01 00:04:18.147588,TRADE,5738.5,1
2024-11-01 00:04:18.147641,TRADE,5738.5,1
2024-11-01 00:04:18.147711,TRADE,5738.5,1
2024-11-01 00:04:18.147823,TRADE,5738.5,1
2024-11-01 00:04:18.147823,TRADE,5738.5,1
2024-11-01 00:04:18.147875,TRADE,5738.5,1
2024-11-01 00:04:18.147964,TRADE,5738.5,1
2024-11-01 00:04:18.148212,TRADE,5738.5,1
2024-11-01 00:04:18.148248,TRADE,5738.5,1
2024-11-01 00:04:18.148388,TRADE,5738.5,1
2024-11-01 00:04:18.291198,TRADE,5738.5,2
2024-11-01 00:04:20.090393,TRADE,5738.5,1
2024-11-01 00:04:22.114466,TRADE,5738.25,3
2024-11-01 00:04:22.114542,TRADE,5738.25,2
2024-11-01 00:04:22.114542,TRADE,5738.25,1
2024-11-01 00:04:22.115032,TRADE,5738.25,1
2024-11-01 00:04:24.967149,TRADE,5738.25,1
2024-11-01 00:04:25.542067,TRADE,5738.25,1
2024-11-01 00:04:25.542126,TRADE,5738.25,1
2024-11-01 00:04:25.542126,TRADE,5738.25,3
2024-11-01 00:04:25.542305,TRADE,5738.25,1
2024-11-01 00:04:25.542554,TRADE,5738.25,1
2024-11-01 00:04:25.542741,TRADE,5738.25,1
2024-11-01 00:04:25.542772,TRADE,5738.25,1
2024-11-01 00:04:25.542986,TRADE,5738.25,1
2024-11-01 00:04:25.543312,TRADE,5738.25,1
2024-11-01 00:04:25.543596,TRADE,5738.25,3
2024-11-01 00:04:25.543777,TRADE,5738.25,1
2024-11-01 00:04:25.544118,TRADE,5738.25,2
2024-11-01 00:04:28.028143,TRADE,5738.0,1
2024-11-01 00:04:29.019657,TRADE,5738.0,1
2024-11-01 00:04:29.019969,TRADE,5738.0,1
2024-11-01 00:04:29.020102,TRADE,5738.0,1
2024-11-01 00:04:29.020172,TRADE,5738.0,1
2024-11-01 00:04:31.701618,TRADE,5738.25,5
2024-11-01 00:04:33.892887,TRADE,5738.25,2
2024-11-01 00:04:33.893836,TRADE,5738.25,3
2024-11-01 00:04:33.893880,TRADE,5738.25,3
2024-11-01 00:04:33.893922,TRADE,5738.25,1
2024-11-01 00:04:33.894174,TRADE,5738.25,1
2024-11-01 00:04:35.152127,TRADE,5738.25,1
2024-11-01 00:04:35.152602,TRADE,5738.25,1
2024-11-01 00:04:35.459414,TRADE,5738.25,1
2024-11-01 00:04:36.503887,TRADE,5738.25,1
2024-11-01 00:04:39.323961,TRADE,5738.25,2
2024-11-01 00:04:39.831132,TRADE,5738.5,1
2024-11-01 00:04:41.183207,TRADE,5738.5,2
2024-11-01 00:04:41.183418,TRADE,5738.5,1
2024-11-01 00:04:41.183471,TRADE,5738.5,1
2024-11-01 00:04:41.183962,TRADE,5738.5,1
2024-11-01 00:04:53.983603,TRADE,5738.25,1
2024-11-01 00:04:56.089818,TRADE,5738.25,2
2024-11-01 00:04:56.090140,TRADE,5738.25,1
2024-11-01 00:04:56.090284,TRADE,5738.25,1
2024-11-01 00:04:56.090319,TRADE,5738.25,1
2024-11-01 00:04:56.164777,TRADE,5738.25,1
2024-11-01 00:04:56.164824,TRADE,5738.25,2
2024-11-01 00:04:56.307567,TRADE,5738.25,3
2024-11-01 00:04:57.151495,TRADE,5738.5,2
2024-11-01 00:04:57.151538,TRADE,5738.5,4
2024-11-01 00:04:57.151759,TRADE,5738.5,1
2024-11-01 00:04:57.152903,TRADE,5738.5,1
2024-11-01 00:04:57.153445,TRADE,5738.5,2
2024-11-01 00:04:57.153737,TRADE,5738.5,1
2024-11-01 00:04:57.153916,TRADE,5738.5,1
2024-11-01 00:04:58.692045,TRADE,5738.5,3
2024-11-01 00:04:59.056746,TRADE,5738.25,1
2024-11-01 00:05:01.003798,TRADE,5738.25,4
2024-11-01 00:05:01.705489,TRADE,5738.0,3
2024-11-01 00:05:02.441337,TRADE,5738.0,3
2024-11-01 00:05:02.441489,TRADE,5738.0,1
2024-11-01 00:05:02.441579,TRADE,5738.0,1
2024-11-01 00:05:04.625150,TRADE,5738.25,1
2024-11-01 00:05:06.957945,TRADE,5738.25,1
2024-11-01 00:05:13.433005,TRADE,5738.25,5
2024-11-01 00:05:15.064253,TRADE,5738.25,1
2024-11-01 00:05:16.906605,TRADE,5738.25,1
2024-11-01 00:05:17.317622,TRADE,5738.25,3
2024-11-01 00:05:18.284998,TRADE,5738.25,1
2024-11-01 00:05:18.285183,TRADE,5738.25,1
2024-11-01 00:05:19.276322,TRADE,5738.5,2
2024-11-01 00:05:19.276368,TRADE,5738.5,2
2024-11-01 00:05:20.755086,TRADE,5738.75,6
2024-11-01 00:05:20.755100,TRADE,5739.0,1
2024-11-01 00:05:20.755108,TRADE,5739.0,1
2024-11-01 00:05:20.755108,TRADE,5739.0,1
2024-11-01 00:05:20.755108,TRADE,5739.0,1
2024-11-01 00:05:20.755116,TRADE,5739.0,1
2024-11-01 00:05:20.755116,TRADE,5739.0,1
2024-11-01 00:05:20.755124,TRADE,5739.0,1
2024-11-01 00:05:20.755124,TRADE,5739.0,1
2024-11-01 00:05:20.755132,TRADE,5739.0,1
2024-11-01 00:05:20.755132,TRADE,5739.0,1
2024-11-01 00:05:20.755141,TRADE,5739.0,1
2024-11-01 00:05:20.755148,TRADE,5739.0,1
2024-11-01 00:05:20.758640,TRADE,5739.0,1
2024-11-01 00:05:23.624144,TRADE,5739.0,1
2024-11-01 00:05:23.624205,TRADE,5739.0,3
2024-11-01 00:05:24.083718,TRADE,5739.0,3
2024-11-01 00:05:24.083916,TRADE,5739.0,2
2024-11-01 00:05:26.173257,TRADE,5739.0,1
2024-11-01 00:05:26.173301,TRADE,5739.0,1
2024-11-01 00:05:26.174501,TRADE,5739.0,2
2024-11-01 00:05:26.174501,TRADE,5738.75,7
2024-11-01 00:05:29.340533,TRADE,5739.0,10
2024-11-01 00:05:29.810252,TRADE,5739.0,1
2024-11-01 00:05:29.810342,TRADE,5739.0,4
2024-11-01 00:05:29.813592,TRADE,5738.75,5
2024-11-01 00:05:29.925255,TRADE,5738.75,1
2024-11-01 00:05:30.940979,TRADE,5738.75,2
2024-11-01 00:05:30.941234,TRADE,5738.75,1
2024-11-01 00:05:30.941888,TRADE,5738.75,2
2024-11-01 00:05:30.942133,TRADE,5738.75,1
2024-11-01 00:05:32.237412,TRADE,5738.75,2
2024-11-01 00:05:33.301118,TRADE,5738.75,1
2024-11-01 00:05:33.303186,TRADE,5738.75,2
2024-11-01 00:05:33.303559,TRADE,5738.75,2
2024-11-01 00:05:33.981535,TRADE,5738.75,2
2024-11-01 00:05:34.176631,TRADE,5738.75,1
2024-11-01 00:05:34.906478,TRADE,5738.75,1
2024-11-01 00:05:34.948921,TRADE,5738.75,2
2024-11-01 00:05:39.062194,TRADE,5738.75,5
2024-11-01 00:05:39.062326,TRADE,5738.75,1
2024-11-01 00:05:40.018160,TRADE,5738.5,5
2024-11-01 00:05:40.018344,TRADE,5738.5,1
2024-11-01 00:05:40.018388,TRADE,5738.5,1
2024-11-01 00:05:40.019331,TRADE,5738.5,2
2024-11-01 00:05:42.539012,TRADE,5738.25,1
2024-11-01 00:05:42.539040,TRADE,5738.25,1
2024-11-01 00:05:42.539134,TRADE,5738.25,1
2024-11-01 00:05:42.539447,TRADE,5738.25,1
2024-11-01 00:05:42.539660,TRADE,5738.25,1
2024-11-01 00:05:42.539730,TRADE,5738.25,2
2024-11-01 00:05:42.539900,TRADE,5738.25,1
2024-11-01 00:05:44.816953,TRADE,5738.25,8
2024-11-01 00:05:44.816953,TRADE,5738.0,2
2024-11-01 00:05:44.817485,TRADE,5738.25,1
2024-11-01 00:05:44.840702,TRADE,5738.25,1
2024-11-01 00:05:50.119924,TRADE,5738.25,2
2024-11-01 00:05:50.120272,TRADE,5738.25,1
2024-11-01 00:05:55.766405,TRADE,5738.5,1
2024-11-01 00:05:55.766577,TRADE,5738.5,2
2024-11-01 00:05:55.767149,TRADE,5738.5,9
2024-11-01 00:05:56.223635,TRADE,5738.75,1
2024-11-01 00:05:56.223717,TRADE,5738.75,3
2024-11-01 00:05:56.223774,TRADE,5738.75,1
2024-11-01 00:05:56.223774,TRADE,5738.75,2
2024-11-01 00:05:56.223813,TRADE,5738.75,2
2024-11-01 00:05:56.224163,TRADE,5738.75,1
2024-11-01 00:05:56.332567,TRADE,5738.75,1
2024-11-01 00:06:00.866427,TRADE,5739.0,1
2024-11-01 00:06:00.866737,TRADE,5739.0,4
2024-11-01 00:06:00.866913,TRADE,5739.0,1
2024-11-01 00:06:00.866952,TRADE,5739.0,1
2024-11-01 00:06:00.867218,TRADE,5739.0,5
2024-11-01 00:06:00.891244,TRADE,5739.25,5
2024-11-01 00:06:01.569645,TRADE,5739.5,2
2024-11-01 00:06:01.569657,TRADE,5739.5,1
2024-11-01 00:06:01.736545,TRADE,5739.25,6
2024-11-01 00:06:01.736590,TRADE,5739.25,1
2024-11-01 00:06:01.736668,TRADE,5739.25,1
2024-11-01 00:06:01.736708,TRADE,5739.25,1
2024-11-01 00:06:01.736804,TRADE,5739.25,1
2024-11-01 00:06:01.736804,TRADE,5739.25,3
2024-11-01 00:06:01.736948,TRADE,5739.25,1
2024-11-01 00:06:01.737079,TRADE,5739.25,2
2024-11-01 00:06:03.119582,TRADE,5739.25,3
2024-11-01 00:06:03.119933,TRADE,5739.25,2
2024-11-01 00:06:03.120434,TRADE,5739.25,1
2024-11-01 00:06:03.120486,TRADE,5739.25,1
2024-11-01 00:06:03.809572,TRADE,5739.5,1
2024-11-01 00:06:04.034606,TRADE,5739.5,1
2024-11-01 00:06:04.035054,TRADE,5739.5,1
2024-11-01 00:06:04.611541,TRADE,5739.5,6
2024-11-01 00:06:04.615451,TRADE,5739.75,2
2024-11-01 00:06:04.662449,TRADE,5739.75,2
2024-11-01 00:06:04.662521,TRADE,5739.75,5
2024-11-01 00:06:04.764273,TRADE,5739.75,2
2024-11-01 00:06:04.764454,TRADE,5739.75,1
2024-11-01 00:06:04.764511,TRADE,5739.75,1
2024-11-01 00:06:04.765237,TRADE,5739.75,3
2024-11-01 00:06:04.766426,TRADE,5739.75,1
2024-11-01 00:06:04.766739,TRADE,5739.75,1
2024-11-01 00:06:04.771692,TRADE,5739.75,1
2024-11-01 00:06:05.990498,TRADE,5739.75,6
2024-11-01 00:06:06.061895,TRADE,5739.75,1
2024-11-01 00:06:06.062847,TRADE,5739.75,2
2024-11-01 00:06:06.063047,TRADE,5739.75,1
2024-11-01 00:06:06.146602,TRADE,5739.75,3
2024-11-01 00:06:06.693375,TRADE,5739.75,1
2024-11-01 00:06:06.693561,TRADE,5739.75,1
2024-11-01 00:06:06.693938,TRADE,5739.75,1
2024-11-01 00:06:06.695090,TRADE,5739.75,1
2024-11-01 00:06:07.280624,TRADE,5739.75,6
2024-11-01 00:06:07.592037,TRADE,5739.75,8
2024-11-01 00:06:07.593061,TRADE,5739.75,1
2024-11-01 00:06:07.593258,TRADE,5739.75,1
2024-11-01 00:06:07.593435,TRADE,5739.75,1
2024-11-01 00:06:08.850803,TRADE,5739.75,1
2024-11-01 00:06:08.851643,TRADE,5739.75,1
2024-11-01 00:06:09.143214,TRADE,5739.75,4
2024-11-01 00:06:09.331097,TRADE,5739.5,2
2024-11-01 00:06:09.541073,TRADE,5740.0,10
2024-11-01 00:06:10.084444,TRADE,5739.75,5
2024-11-01 00:06:10.084880,TRADE,5739.75,1
2024-11-01 00:06:14.024081,TRADE,5739.5,4
2024-11-01 00:06:14.024284,TRADE,5739.5,6
2024-11-01 00:06:14.024389,TRADE,5739.5,1
2024-11-01 00:06:14.024680,TRADE,5739.5,1
2024-11-01 00:06:14.024777,TRADE,5739.5,1
2024-11-01 00:06:14.070396,TRADE,5739.5,1
2024-11-01 00:06:15.489960,TRADE,5739.25,3
2024-11-01 00:06:15.490044,TRADE,5739.25,4
2024-11-01 00:06:15.490044,TRADE,5739.25,1
2024-11-01 00:06:15.490401,TRADE,5739.25,1
2024-11-01 00:06:15.490603,TRADE,5739.25,1
2024-11-01 00:06:16.652708,TRADE,5739.25,2
2024-11-01 00:06:17.839964,TRADE,5739.25,4
2024-11-01 00:06:17.840312,TRADE,5739.25,1
2024-11-01 00:06:17.841168,TRADE,5739.0,10
2024-11-01 00:06:18.108078,TRADE,5739.0,2
2024-11-01 00:06:19.078751,TRADE,5739.0,1
2024-11-01 00:06:19.877527,TRADE,5738.75,4
2024-11-01 00:06:26.408202,TRADE,5739.0,1
2024-11-01 00:06:26.408260,TRADE,5739.0,6
2024-11-01 00:06:26.408367,TRADE,5739.0,3
2024-11-01 00:06:26.408424,TRADE,5739.0,3
2024-11-01 00:06:26.408524,TRADE,5739.0,1
2024-11-01 00:06:26.408768,TRADE,5739.0,2
2024-11-01 00:06:26.408838,TRADE,5739.0,1
2024-11-01 00:06:26.409056,TRADE,5739.0,1
2024-11-01 00:06:26.409226,TRADE,5739.0,1
2024-11-01 00:06:26.409417,TRADE,5739.0,1
2024-11-01 00:06:26.409448,TRADE,5739.0,1
2024-11-01 00:06:27.407291,TRADE,5739.0,2
2024-11-01 00:06:30.805177,TRADE,5739.25,1
2024-11-01 00:06:30.805189,TRADE,5739.25,1
2024-11-01 00:06:34.996743,TRADE,5739.25,6
2024-11-01 00:06:44.768453,TRADE,5739.5,1
2024-11-01 00:06:44.768465,TRADE,5739.5,1
2024-11-01 00:06:45.176803,TRADE,5739.5,2
2024-11-01 00:06:45.177069,TRADE,5739.5,1
2024-11-01 00:06:46.959401,TRADE,5739.5,1
2024-11-01 00:06:46.959463,TRADE,5739.5,3
2024-11-01 00:06:46.959802,TRADE,5739.5,1
2024-11-01 00:06:46.959889,TRADE,5739.5,1
2024-11-01 00:06:47.398618,TRADE,5739.5,1
2024-11-01 00:06:47.741901,TRADE,5739.5,1
2024-11-01 00:06:49.516630,TRADE,5739.5,1
2024-11-01 00:06:55.088652,TRADE,5739.5,1
2024-11-01 00:06:56.022579,TRADE,5739.5,1
2024-11-01 00:07:02.385765,TRADE,5739.5,1
2024-11-01 00:07:02.741203,TRADE,5739.5,3
2024-11-01 00:07:06.146199,TRADE,5739.75,5
2024-11-01 00:07:07.794902,TRADE,5739.75,1
2024-11-01 00:07:07.794952,TRADE,5739.75,4
2024-11-01 00:07:07.954316,TRADE,5739.75,2
2024-11-01 00:07:08.764348,TRADE,5739.75,1
2024-11-01 00:07:09.328835,TRADE,5740.0,1
2024-11-01 00:07:09.450333,TRADE,5740.0,1
2024-11-01 00:07:10.383948,TRADE,5739.75,1
2024-11-01 00:07:10.384249,TRADE,5739.75,11
2024-11-01 00:07:10.384584,TRADE,5739.75,1
2024-11-01 00:07:10.384798,TRADE,5739.75,1
2024-11-01 00:07:10.384896,TRADE,5739.75,1
2024-11-01 00:07:11.683207,TRADE,5739.75,1
2024-11-01 00:07:11.683396,TRADE,5739.75,2
2024-11-01 00:07:12.601235,TRADE,5739.5,2
2024-11-01 00:07:12.837410,TRADE,5739.75,6
2024-11-01 00:07:13.296918,TRADE,5739.75,1
2024-11-01 00:07:13.370883,TRADE,5739.75,1
2024-11-01 00:07:14.448067,TRADE,5739.5,5
2024-11-01 00:07:14.448852,TRADE,5739.5,1
2024-11-01 00:07:16.686577,TRADE,5739.5,3
2024-11-01 00:07:18.985247,TRADE,5739.5,1
2024-11-01 00:07:22.454517,TRADE,5739.25,1
2024-11-01 00:07:29.633008,TRADE,5739.25,7
2024-11-01 00:07:29.972015,TRADE,5739.0,2
2024-11-01 00:07:33.835586,TRADE,5739.25,3
2024-11-01 00:07:33.836105,TRADE,5739.25,17
2024-11-01 00:07:36.573940,TRADE,5739.25,4
2024-11-01 00:07:36.573978,TRADE,5739.25,1
2024-11-01 00:07:36.574285,TRADE,5739.25,1
2024-11-01 00:07:36.574338,TRADE,5739.25,1
2024-11-01 00:07:36.574513,TRADE,5739.25,2
2024-11-01 00:07:47.779919,TRADE,5739.5,1
2024-11-01 00:07:47.780018,TRADE,5739.5,2
2024-11-01 00:07:47.780018,TRADE,5739.5,5
2024-11-01 00:07:48.273036,TRADE,5739.75,3
2024-11-01 00:07:48.273455,TRADE,5739.75,1
2024-11-01 00:07:50.483637,TRADE,5739.5,1
2024-11-01 00:07:50.838375,TRADE,5739.5,3
2024-11-01 00:07:50.838864,TRADE,5739.5,1
2024-11-01 00:07:50.851986,TRADE,5739.5,1
2024-11-01 00:07:51.653595,TRADE,5739.25,1
2024-11-01 00:07:54.115839,TRADE,5739.25,6
2024-11-01 00:07:54.117754,TRADE,5739.25,1
2024-11-01 00:07:54.154929,TRADE,5739.25,4
2024-11-01 00:07:54.192864,TRADE,5739.5,1
2024-11-01 00:07:57.877100,TRADE,5739.25,1
2024-11-01 00:07:59.867503,TRADE,5739.25,1
2024-11-01 00:07:59.867737,TRADE,5739.25,4
2024-11-01 00:07:59.867797,TRADE,5739.25,2
2024-11-01 00:07:59.868862,TRADE,5739.25,1
2024-11-01 00:08:00.854508,TRADE,5739.25,1
2024-11-01 00:08:00.854708,TRADE,5739.25,1
2024-11-01 00:08:00.854745,TRADE,5739.25,1
2024-11-01 00:08:07.104537,TRADE,5739.25,4
2024-11-01 00:08:07.104816,TRADE,5739.25,1
2024-11-01 00:08:07.928118,TRADE,5739.25,3
2024-11-01 00:08:09.154198,TRADE,5739.25,1
2024-11-01 00:08:09.154246,TRADE,5739.25,2
2024-11-01 00:08:09.758033,TRADE,5739.25,1
2024-11-01 00:08:09.807863,TRADE,5739.25,1
2024-11-01 00:08:16.889009,TRADE,5739.25,1
2024-11-01 00:08:16.889075,TRADE,5739.25,1
2024-11-01 00:08:16.889075,TRADE,5739.25,1
2024-11-01 00:08:16.889231,TRADE,5739.25,1
2024-11-01 00:08:16.889261,TRADE,5739.25,1
2024-11-01 00:08:16.889308,TRADE,5739.25,3
2024-11-01 00:08:16.889565,TRADE,5739.25,1
2024-11-01 00:08:18.641369,TRADE,5739.25,1
2024-11-01 00:08:19.000996,TRADE,5739.25,2
2024-11-01 00:08:19.672150,TRADE,5739.25,2
2024-11-01 00:08:21.433146,TRADE,5739.0,1
2024-11-01 00:08:21.434701,TRADE,5739.0,15
2024-11-01 00:08:24.069849,TRADE,5739.0,2
2024-11-01 00:08:24.070009,TRADE,5739.0,1
2024-11-01 00:08:24.070052,TRADE,5739.0,1
2024-11-01 00:08:24.070093,TRADE,5739.0,1
2024-11-01 00:08:24.070181,TRADE,5739.0,1
2024-11-01 00:08:24.070403,TRADE,5739.0,1
2024-11-01 00:08:24.070640,TRADE,5739.0,1
2024-11-01 00:08:24.070683,TRADE,5739.0,1
2024-11-01 00:08:28.855918,TRADE,5739.0,3
2024-11-01 00:08:32.989184,TRADE,5739.25,10
2024-11-01 00:08:33.980744,TRADE,5739.25,1
2024-11-01 00:08:33.980802,TRADE,5739.25,3
2024-11-01 00:08:33.980855,TRADE,5739.25,2
2024-11-01 00:08:33.980945,TRADE,5739.25,1
2024-11-01 00:08:33.981204,TRADE,5739.25,1
2024-11-01 00:08:34.590573,TRADE,5739.25,1
2024-11-01 00:08:35.393508,TRADE,5739.25,1
2024-11-01 00:08:35.404944,TRADE,5739.25,1
2024-11-01 00:08:39.420220,TRADE,5739.5,5
2024-11-01 00:08:44.879125,TRADE,5739.75,2
2024-11-01 00:08:44.880010,TRADE,5739.75,4
2024-11-01 00:08:44.880060,TRADE,5739.75,3
2024-11-01 00:08:44.880364,TRADE,5739.5,10
2024-11-01 00:08:44.880703,TRADE,5739.75,1
2024-11-01 00:08:44.880812,TRADE,5739.75,1
2024-11-01 00:08:46.624766,TRADE,5739.75,7
2024-11-01 00:08:46.625588,TRADE,5739.75,1
2024-11-01 00:08:46.625697,TRADE,5739.75,1
2024-11-01 00:08:49.658808,TRADE,5739.75,2
2024-11-01 00:08:49.658872,TRADE,5739.75,2
2024-11-01 00:08:49.658872,TRADE,5739.75,3
2024-11-01 00:08:50.081095,TRADE,5739.75,1
2024-11-01 00:08:51.574221,TRADE,5739.75,2
2024-11-01 00:08:54.405757,TRADE,5739.5,4
2024-11-01 00:08:54.782575,TRADE,5739.25,2
2024-11-01 00:08:54.782737,TRADE,5739.25,1
2024-11-01 00:08:59.890920,TRADE,5739.25,1
2024-11-01 00:08:59.891019,TRADE,5739.25,1
2024-11-01 00:08:59.902116,TRADE,5739.25,1
2024-11-01 00:09:04.529716,TRADE,5739.25,1
2024-11-01 00:09:04.530183,TRADE,5739.25,1
2024-11-01 00:09:10.146402,TRADE,5739.25,3
2024-11-01 00:09:12.539652,TRADE,5739.5,2
2024-11-01 00:09:12.539973,TRADE,5739.5,1
2024-11-01 00:09:14.780657,TRADE,5739.25,3
2024-11-01 00:09:14.780849,TRADE,5739.25,2
2024-11-01 00:09:14.781252,TRADE,5739.25,1
2024-11-01 00:09:14.781538,TRADE,5739.25,1
2024-11-01 00:09:14.794982,TRADE,5739.25,1
2024-11-01 00:09:17.294754,TRADE,5739.25,1
2024-11-01 00:09:23.513095,TRADE,5739.25,2
2024-11-01 00:09:23.513233,TRADE,5739.25,3
2024-11-01 00:09:30.505628,TRADE,5739.25,1
2024-11-01 00:09:30.680884,TRADE,5739.25,3
2024-11-01 00:09:30.681260,TRADE,5739.25,1
2024-11-01 00:09:37.642174,TRADE,5739.25,2
2024-11-01 00:09:37.642398,TRADE,5739.25,1
2024-11-01 00:09:38.284565,TRADE,5739.25,1
2024-11-01 00:09:42.632145,TRADE,5739.5,10
2024-11-01 00:09:46.856285,TRADE,5739.75,2
2024-11-01 00:09:46.856306,TRADE,5739.75,1
2024-11-01 00:09:46.856615,TRADE,5739.75,1
2024-11-01 00:09:50.397463,TRADE,5739.75,1
2024-11-01 00:09:50.397748,TRADE,5739.75,1
2024-11-01 00:09:50.397810,TRADE,5739.75,2
2024-11-01 00:09:50.397832,TRADE,5739.75,1
2024-11-01 00:09:50.397950,TRADE,5739.75,1
2024-11-01 00:09:50.398027,TRADE,5739.75,1
2024-11-01 00:09:56.707010,TRADE,5739.75,1
2024-11-01 00:09:56.707199,TRADE,5739.75,3
2024-11-01 00:09:56.707401,TRADE,5739.75,1
2024-11-01 00:09:56.708067,TRADE,5739.75,2
2024-11-01 00:09:59.664587,TRADE,5739.75,2
2024-11-01 00:09:59.665142,TRADE,5739.75,1
2024-11-01 00:09:59.665467,TRADE,5739.75,1
2024-11-01 00:10:01.784880,TRADE,5739.75,1
2024-11-01 00:10:03.704557,TRADE,5739.75,6
2024-11-01 00:10:14.010066,TRADE,5740.0,2
2024-11-01 00:10:14.526164,TRADE,5739.75,1
2024-11-01 00:10:17.648658,TRADE,5740.0,1
2024-11-01 00:10:17.648723,TRADE,5740.0,2
2024-11-01 00:10:17.648776,TRADE,5740.0,5
2024-11-01 00:10:17.648816,TRADE,5740.0,1
2024-11-01 00:10:17.648862,TRADE,5740.0,4
2024-11-01 00:10:17.648965,TRADE,5740.0,1
2024-11-01 00:10:17.649034,TRADE,5740.0,9
2024-11-01 00:10:18.161082,TRADE,5740.25,1
2024-11-01 00:10:18.161096,TRADE,5740.25,1
2024-11-01 00:10:18.161096,TRADE,5740.25,1
2024-11-01 00:10:23.549304,TRADE,5740.25,3
2024-11-01 00:10:24.075426,TRADE,5740.25,1
2024-11-01 00:10:26.156061,TRADE,5740.0,14
2024-11-01 00:10:26.157096,TRADE,5740.0,2
2024-11-01 00:10:26.157168,TRADE,5740.0,2
2024-11-01 00:10:26.159075,TRADE,5740.0,3
2024-11-01 00:10:26.159142,TRADE,5740.0,2
2024-11-01 00:10:26.159175,TRADE,5740.0,1
2024-11-01 00:10:27.944300,TRADE,5740.25,2
2024-11-01 00:10:27.944381,TRADE,5740.25,3
2024-11-01 00:10:27.944442,TRADE,5740.25,2
2024-11-01 00:10:27.944505,TRADE,5740.25,1
2024-11-01 00:10:27.944535,TRADE,5740.25,1
2024-11-01 00:10:31.811475,TRADE,5740.5,16
2024-11-01 00:10:32.582039,TRADE,5740.75,1
2024-11-01 00:10:32.582051,TRADE,5740.75,1
2024-11-01 00:10:33.248192,TRADE,5740.5,1
2024-11-01 00:10:34.603313,TRADE,5740.75,16
2024-11-01 00:10:34.603978,TRADE,5740.75,2
2024-11-01 00:10:39.020116,TRADE,5740.75,1
2024-11-01 00:10:39.020350,TRADE,5740.75,1
2024-11-01 00:10:40.378470,TRADE,5741.0,2
2024-11-01 00:10:40.378506,TRADE,5741.0,2
2024-11-01 00:10:40.378590,TRADE,5741.0,2
2024-11-01 00:10:40.378642,TRADE,5741.0,1
2024-11-01 00:10:40.378824,TRADE,5741.0,7
2024-11-01 00:10:47.090828,TRADE,5741.0,2
2024-11-01 00:10:47.092877,TRADE,5741.0,12
2024-11-01 00:10:47.093389,TRADE,5741.0,1
2024-11-01 00:10:49.252943,TRADE,5740.75,1
2024-11-01 00:10:56.321247,TRADE,5741.0,1
2024-11-01 00:10:59.507135,TRADE,5740.75,2
2024-11-01 00:10:59.507177,TRADE,5740.75,1
2024-11-01 00:10:59.507310,TRADE,5740.75,1
2024-11-01 00:10:59.507386,TRADE,5740.75,1
2024-11-01 00:10:59.507386,TRADE,5740.75,1
2024-11-01 00:10:59.508276,TRADE,5740.75,6
2024-11-01 00:10:59.611680,TRADE,5740.75,2
2024-11-01 00:10:59.611905,TRADE,5740.75,1
2024-11-01 00:11:00.482165,TRADE,5740.75,3
2024-11-01 00:11:00.483421,TRADE,5740.75,4
2024-11-01 00:11:00.483421,TRADE,5740.5,7
2024-11-01 00:11:00.483439,TRADE,5740.5,1
2024-11-01 00:11:00.484324,TRADE,5740.75,1
2024-11-01 00:11:01.938601,TRADE,5741.0,8
2024-11-01 00:11:04.581250,TRADE,5741.25,1
2024-11-01 00:11:04.581266,TRADE,5741.25,1
2024-11-01 00:11:05.451466,TRADE,5741.25,1
2024-11-01 00:11:05.880959,TRADE,5741.0,1
2024-11-01 00:11:08.929530,TRADE,5741.25,10
2024-11-01 00:11:08.929805,TRADE,5741.25,1
2024-11-01 00:11:08.929930,TRADE,5741.25,1
2024-11-01 00:11:08.929930,TRADE,5741.25,1
2024-11-01 00:11:08.929930,TRADE,5741.25,1
2024-11-01 00:11:08.930021,TRADE,5741.25,1
2024-11-01 00:11:08.930884,TRADE,5741.25,3
2024-11-01 00:11:09.102548,TRADE,5741.25,3
2024-11-01 00:11:09.102803,TRADE,5741.25,7
2024-11-01 00:11:09.103074,TRADE,5741.25,2
2024-11-01 00:11:09.215744,TRADE,5741.25,2
2024-11-01 00:11:09.215911,TRADE,5741.25,1
2024-11-01 00:11:09.546284,TRADE,5741.25,1
2024-11-01 00:11:09.818786,TRADE,5741.25,1
2024-11-01 00:11:11.450267,TRADE,5741.25,1
2024-11-01 00:11:11.814185,TRADE,5741.5,1
2024-11-01 00:11:11.814198,TRADE,5741.5,1
2024-11-01 00:11:14.813638,TRADE,5741.5,1
2024-11-01 00:11:16.058360,TRADE,5741.25,3
2024-11-01 00:11:16.441584,TRADE,5741.25,2
2024-11-01 00:11:16.441781,TRADE,5741.25,2
2024-11-01 00:11:18.325062,TRADE,5741.25,3
2024-11-01 00:11:18.629782,TRADE,5741.25,2
2024-11-01 00:11:22.746283,TRADE,5741.25,1
2024-11-01 00:11:24.263919,TRADE,5741.25,1
2024-11-01 00:11:24.405847,TRADE,5741.25,1
2024-11-01 00:11:24.406444,TRADE,5741.25,1
2024-11-01 00:11:24.406486,TRADE,5741.25,2
2024-11-01 00:11:29.431634,TRADE,5741.25,2
2024-11-01 00:11:29.431672,TRADE,5741.25,3
2024-11-01 00:11:29.431777,TRADE,5741.25,1
2024-11-01 00:11:30.080753,TRADE,5741.5,2
2024-11-01 00:11:30.265768,TRADE,5741.25,1
2024-11-01 00:11:31.449012,TRADE,5741.25,4
2024-11-01 00:11:31.449473,TRADE,5741.25,1
2024-11-01 00:11:31.449718,TRADE,5741.25,3
2024-11-01 00:11:33.244139,TRADE,5741.25,1
2024-11-01 00:11:38.672150,TRADE,5741.25,1
2024-11-01 00:11:38.672187,TRADE,5741.25,2
2024-11-01 00:11:48.168838,TRADE,5741.25,1
2024-11-01 00:11:48.169267,TRADE,5741.25,1
2024-11-01 00:11:49.257044,TRADE,5741.25,3
2024-11-01 00:11:49.257453,TRADE,5741.25,2
2024-11-01 00:11:50.406120,TRADE,5741.0,1
2024-11-01 00:11:54.516059,TRADE,5741.0,2
2024-11-01 00:11:57.378027,TRADE,5741.25,2
2024-11-01 00:11:59.472756,TRADE,5741.25,5
2024-11-01 00:11:59.473952,TRADE,5741.25,1
2024-11-01 00:11:59.473982,TRADE,5741.25,1
2024-11-01 00:11:59.474231,TRADE,5741.25,5
2024-11-01 00:11:59.474794,TRADE,5741.25,2
2024-11-01 00:12:00.061435,TRADE,5741.25,1
2024-11-01 00:12:00.922029,TRADE,5741.5,2
2024-11-01 00:12:00.922387,TRADE,5741.25,1
2024-11-01 00:12:00.923634,TRADE,5741.25,1
2024-11-01 00:12:00.924064,TRADE,5741.25,1
2024-11-01 00:12:00.924236,TRADE,5741.25,1
2024-11-01 00:12:05.868788,TRADE,5741.0,2
2024-11-01 00:12:05.869018,TRADE,5741.0,1
2024-11-01 00:12:05.869079,TRADE,5741.0,2
2024-11-01 00:12:05.869079,TRADE,5741.0,2
2024-11-01 00:12:05.869143,TRADE,5741.0,7
2024-11-01 00:12:10.715810,TRADE,5741.0,5
2024-11-01 00:12:10.846581,TRADE,5741.0,1
2024-11-01 00:12:10.847819,TRADE,5741.0,3
2024-11-01 00:12:10.909125,TRADE,5740.75,2
2024-11-01 00:12:10.909138,TRADE,5740.75,1
2024-11-01 00:12:10.937801,TRADE,5740.75,9
2024-11-01 00:12:10.971745,TRADE,5740.75,5
2024-11-01 00:12:11.905206,TRADE,5740.75,2
2024-11-01 00:12:14.849612,TRADE,5740.5,2
2024-11-01 00:12:14.849625,TRADE,5740.25,1
2024-11-01 00:12:14.850110,TRADE,5740.5,1
2024-11-01 00:12:14.850291,TRADE,5740.5,1
2024-11-01 00:12:14.850322,TRADE,5740.5,1
2024-11-01 00:12:14.864558,TRADE,5740.5,2
2024-11-01 00:12:15.188343,TRADE,5740.25,1
2024-11-01 00:12:16.551929,TRADE,5740.25,2
2024-11-01 00:12:20.106472,TRADE,5740.25,4
2024-11-01 00:12:20.106525,TRADE,5740.25,3
2024-11-01 00:12:20.108341,TRADE,5740.25,1
2024-11-01 00:12:21.225979,TRADE,5740.0,4
2024-11-01 00:12:21.225991,TRADE,5740.0,3
2024-11-01 00:12:22.413254,TRADE,5740.25,19
2024-11-01 00:12:24.382797,TRADE,5740.5,1
2024-11-01 00:12:26.714038,TRADE,5740.5,2
2024-11-01 00:12:31.172385,TRADE,5740.5,2
2024-11-01 00:12:33.762766,TRADE,5740.5,1
2024-11-01 00:12:37.975254,TRADE,5740.5,3
2024-11-01 00:12:37.975278,TRADE,5740.5,1
2024-11-01 00:12:37.975472,TRADE,5740.5,1
2024-11-01 00:12:38.383536,TRADE,5740.5,1
2024-11-01 00:12:44.219167,TRADE,5740.5,7
2024-11-01 00:12:44.219245,TRADE,5740.5,3
2024-11-01 00:12:44.219576,TRADE,5740.5,1
2024-11-01 00:12:45.142394,TRADE,5740.5,3
2024-11-01 00:12:50.805447,TRADE,5740.75,1
2024-11-01 00:12:52.751205,TRADE,5740.75,1
2024-11-01 00:13:01.502405,TRADE,5740.5,1
2024-11-01 00:13:01.502613,TRADE,5740.5,1
2024-11-01 00:13:01.502655,TRADE,5740.5,1
2024-11-01 00:13:01.502888,TRADE,5740.5,2
2024-11-01 00:13:02.937501,TRADE,5740.75,1
2024-11-01 00:13:06.312576,TRADE,5740.75,14
2024-11-01 00:13:06.312939,TRADE,5740.75,3
2024-11-01 00:13:09.189276,TRADE,5740.75,1
2024-11-01 00:13:10.095312,TRADE,5740.75,1
2024-11-01 00:13:10.095343,TRADE,5740.75,2
2024-11-01 00:13:10.095396,TRADE,5740.75,3
2024-11-01 00:13:10.095424,TRADE,5740.75,1
2024-11-01 00:13:10.095876,TRADE,5740.75,1
2024-11-01 00:13:10.117202,TRADE,5740.5,13
2024-11-01 00:13:10.291168,TRADE,5740.25,2
2024-11-01 00:13:10.291340,TRADE,5740.25,2
2024-11-01 00:13:10.291424,TRADE,5740.25,1
2024-11-01 00:13:10.291424,TRADE,5740.25,2
2024-11-01 00:13:10.431729,TRADE,5740.25,3
2024-11-01 00:13:11.457002,TRADE,5740.0,5
2024-11-01 00:13:12.248065,TRADE,5740.25,2
2024-11-01 00:13:12.248278,TRADE,5740.25,1
2024-11-01 00:13:12.248395,TRADE,5740.25,9
2024-11-01 00:13:12.248444,TRADE,5740.25,2
2024-11-01 00:13:16.174192,TRADE,5740.25,1
2024-11-01 00:13:16.174365,TRADE,5740.25,1
2024-11-01 00:13:16.174404,TRADE,5740.25,1
2024-11-01 00:13:16.174565,TRADE,5740.25,1
2024-11-01 00:13:16.175262,TRADE,5740.25,1
2024-11-01 00:13:20.559785,TRADE,5740.5,9
2024-11-01 00:13:20.560281,TRADE,5740.5,4
2024-11-01 00:13:22.004428,TRADE,5740.5,2
2024-11-01 00:13:22.004588,TRADE,5740.5,3
2024-11-01 00:13:22.004648,TRADE,5740.5,1
2024-11-01 00:13:22.004733,TRADE,5740.5,4
2024-11-01 00:13:22.004733,TRADE,5740.5,1
2024-11-01 00:13:22.004820,TRADE,5740.5,4
2024-11-01 00:13:22.004952,TRADE,5740.5,1
2024-11-01 00:13:22.005337,TRADE,5740.5,1
2024-11-01 00:13:22.156250,TRADE,5740.25,1
2024-11-01 00:13:25.405879,TRADE,5740.25,1
2024-11-01 00:13:25.406097,TRADE,5740.25,1
2024-11-01 00:13:25.406887,TRADE,5740.25,3
2024-11-01 00:13:27.074116,TRADE,5740.25,2
2024-11-01 00:13:27.074234,TRADE,5740.25,1
2024-11-01 00:13:27.371065,TRADE,5740.5,20
2024-11-01 00:13:27.371582,TRADE,5740.5,4
2024-11-01 00:13:27.372857,TRADE,5740.5,2
2024-11-01 00:13:30.051786,TRADE,5740.5,4
2024-11-01 00:13:30.052245,TRADE,5740.5,3
2024-11-01 00:13:30.052313,TRADE,5740.5,2
2024-11-01 00:13:30.052506,TRADE,5740.5,2
2024-11-01 00:13:30.052561,TRADE,5740.5,1
2024-11-01 00:13:33.651330,TRADE,5740.5,2
2024-11-01 00:13:33.651366,TRADE,5740.5,1
2024-11-01 00:13:34.151135,TRADE,5740.5,2
2024-11-01 00:13:34.151234,TRADE,5740.5,1
2024-11-01 00:13:34.151462,TRADE,5740.5,1
2024-11-01 00:13:39.412042,TRADE,5740.75,4
2024-11-01 00:13:39.412075,TRADE,5740.75,1
2024-11-01 00:13:39.412221,TRADE,5740.75,2
2024-11-01 00:13:39.412237,TRADE,5740.75,1
2024-11-01 00:13:39.412298,TRADE,5740.75,1
2024-11-01 00:13:39.412385,TRADE,5740.75,1
2024-11-01 00:13:39.412456,TRADE,5740.75,1
2024-11-01 00:13:41.613324,TRADE,5741.0,7
2024-11-01 00:13:44.025624,TRADE,5741.0,3
2024-11-01 00:13:45.281085,TRADE,5741.0,4
2024-11-01 00:13:46.233761,TRADE,5741.25,1
2024-11-01 00:13:46.420157,TRADE,5741.0,2
2024-11-01 00:13:46.420388,TRADE,5741.0,5
2024-11-01 00:13:50.452703,TRADE,5740.75,1
2024-11-01 00:13:50.454066,TRADE,5740.75,7
2024-11-01 00:13:50.454512,TRADE,5740.75,3
2024-11-01 00:13:50.765893,TRADE,5740.5,3
2024-11-01 00:13:50.765929,TRADE,5740.5,2
2024-11-01 00:13:50.766365,TRADE,5740.5,1
2024-11-01 00:13:50.766403,TRADE,5740.5,1
2024-11-01 00:13:50.766492,TRADE,5740.5,1
2024-11-01 00:13:50.766684,TRADE,5740.5,1
2024-11-01 00:13:52.666291,TRADE,5740.5,9
2024-11-01 00:13:54.210110,TRADE,5740.75,4
2024-11-01 00:13:54.210368,TRADE,5740.75,1
2024-11-01 00:13:54.210842,TRADE,5740.75,1
2024-11-01 00:13:54.211057,TRADE,5740.75,1
2024-11-01 00:13:54.211270,TRADE,5740.75,1
2024-11-01 00:14:00.396425,TRADE,5740.75,1
2024-11-01 00:14:00.396650,TRADE,5740.75,2
2024-11-01 00:14:00.396975,TRADE,5740.75,1
2024-11-01 00:14:00.397178,TRADE,5740.75,1
2024-11-01 00:14:03.303615,TRADE,5740.75,3
2024-11-01 00:14:12.966228,TRADE,5741.0,4
2024-11-01 00:14:12.966336,TRADE,5741.0,2
2024-11-01 00:14:12.966336,TRADE,5741.0,2
2024-11-01 00:14:12.966336,TRADE,5741.0,1
2024-11-01 00:14:14.627803,TRADE,5741.0,5
2024-11-01 00:14:16.282570,TRADE,5741.0,1
2024-11-01 00:14:16.283062,TRADE,5741.0,1
2024-11-01 00:14:27.074667,TRADE,5741.25,6
2024-11-01 00:14:27.074685,TRADE,5741.25,1
2024-11-01 00:14:30.883672,TRADE,5741.0,1
2024-11-01 00:14:30.884685,TRADE,5741.0,11
2024-11-01 00:14:31.254869,TRADE,5740.75,1
2024-11-01 00:14:31.254973,TRADE,5740.75,6
2024-11-01 00:14:36.350319,TRADE,5740.5,2
2024-11-01 00:14:36.350529,TRADE,5740.5,1
2024-11-01 00:14:36.350563,TRADE,5740.5,1
2024-11-01 00:14:36.350603,TRADE,5740.5,4
2024-11-01 00:14:36.351039,TRADE,5740.5,1
2024-11-01 00:14:38.862835,TRADE,5740.5,8
2024-11-01 00:14:43.520594,TRADE,5740.75,3
2024-11-01 00:14:48.142533,TRADE,5740.75,1
2024-11-01 00:14:48.142693,TRADE,5740.75,1
2024-11-01 00:14:48.142979,TRADE,5740.75,4
2024-11-01 00:14:53.606220,TRADE,5740.75,1
2024-11-01 00:14:53.607236,TRADE,5740.75,8
2024-11-01 00:14:59.030053,TRADE,5740.75,4
2024-11-01 00:14:59.030731,TRADE,5740.75,1
2024-11-01 00:14:59.030946,TRADE,5740.75,2
2024-11-01 00:15:01.366238,TRADE,5740.75,3
2024-11-01 00:15:03.610545,TRADE,5740.5,1
2024-11-01 00:15:03.611623,TRADE,5740.5,4
2024-11-01 00:15:03.611736,TRADE,5740.5,3
2024-11-01 00:15:03.611736,TRADE,5740.5,2
2024-11-01 00:15:03.611736,TRADE,5740.5,2
2024-11-01 00:15:03.612135,TRADE,5740.5,6
2024-11-01 00:15:03.612218,TRADE,5740.5,2
2024-11-01 00:15:03.612528,TRADE,5740.5,1
2024-11-01 00:15:03.612562,TRADE,5740.5,1
2024-11-01 00:15:03.612969,TRADE,5740.5,1
2024-11-01 00:15:03.613221,TRADE,5740.5,1
2024-11-01 00:15:03.614866,TRADE,5740.25,1
2024-11-01 00:15:03.661819,TRADE,5740.25,10
2024-11-01 00:15:04.702465,TRADE,5740.0,2
2024-11-01 00:15:04.702607,TRADE,5740.0,2
2024-11-01 00:15:04.702666,TRADE,5740.0,1
2024-11-01 00:15:04.706527,TRADE,5740.0,1
2024-11-01 00:15:04.706588,TRADE,5740.0,1
2024-11-01 00:15:04.937282,TRADE,5740.0,7
2024-11-01 00:15:04.937282,TRADE,5739.75,5
2024-11-01 00:15:04.937301,TRADE,5739.75,2
2024-11-01 00:15:04.958556,TRADE,5739.75,1
2024-11-01 00:15:04.988666,TRADE,5739.75,6
2024-11-01 00:15:04.989062,TRADE,5739.75,1
2024-11-01 00:15:04.989131,TRADE,5739.75,1
2024-11-01 00:15:05.330836,TRADE,5739.5,2
2024-11-01 00:15:05.330849,TRADE,5739.5,1
2024-11-01 00:15:05.331014,TRADE,5739.5,1
2024-11-01 00:15:05.331052,TRADE,5739.5,1
2024-11-01 00:15:05.331416,TRADE,5739.5,1
2024-11-01 00:15:05.331600,TRADE,5739.5,1
2024-11-01 00:15:05.331659,TRADE,5739.5,1
2024-11-01 00:15:05.331698,TRADE,5739.5,1
2024-11-01 00:15:05.734108,TRADE,5739.25,1
2024-11-01 00:15:05.734119,TRADE,5739.25,1
2024-11-01 00:15:06.405950,TRADE,5739.5,1
2024-11-01 00:15:06.406154,TRADE,5739.5,2
2024-11-01 00:15:07.691287,TRADE,5739.75,2
2024-11-01 00:15:08.956898,TRADE,5739.75,1
2024-11-01 00:15:13.659920,TRADE,5739.5,13
2024-11-01 00:15:13.680557,TRADE,5739.5,2
2024-11-01 00:15:13.681287,TRADE,5739.5,2
2024-11-01 00:15:13.681490,TRADE,5739.5,4
2024-11-01 00:15:13.681522,TRADE,5739.5,1
2024-11-01 00:15:13.681665,TRADE,5739.5,1
2024-11-01 00:15:13.681695,TRADE,5739.5,1
2024-11-01 00:15:13.681772,TRADE,5739.5,3
2024-11-01 00:15:20.524668,TRADE,5739.25,2
2024-11-01 00:15:20.524837,TRADE,5739.25,1
2024-11-01 00:15:20.524904,TRADE,5739.25,3
2024-11-01 00:15:21.567640,TRADE,5739.25,1
2024-11-01 00:15:21.567685,TRADE,5739.25,2
2024-11-01 00:15:21.567819,TRADE,5739.25,8
2024-11-01 00:15:21.567819,TRADE,5739.25,3
2024-11-01 00:15:21.567901,TRADE,5739.25,3
2024-11-01 00:15:21.567901,TRADE,5739.25,1
2024-11-01 00:15:21.567901,TRADE,5739.25,1
2024-11-01 00:15:21.568075,TRADE,5739.25,1
2024-11-01 00:15:22.208450,TRADE,5739.25,1
2024-11-01 00:15:22.209223,TRADE,5739.25,5
2024-11-01 00:15:22.210164,TRADE,5739.25,2
2024-11-01 00:15:23.245867,TRADE,5739.25,3
2024-11-01 00:15:23.601369,TRADE,5739.0,3
2024-11-01 00:15:23.601415,TRADE,5739.0,3
2024-11-01 00:15:23.601467,TRADE,5739.0,2
2024-11-01 00:15:24.181182,TRADE,5739.0,1
2024-11-01 00:15:24.181215,TRADE,5739.0,1
2024-11-01 00:15:25.141586,TRADE,5739.0,8
2024-11-01 00:15:28.995573,TRADE,5738.75,1
2024-11-01 00:15:28.996690,TRADE,5738.75,2
2024-11-01 00:15:28.996909,TRADE,5738.75,1
2024-11-01 00:15:29.458761,TRADE,5738.75,1
2024-11-01 00:15:30.433378,TRADE,5738.75,2
2024-11-01 00:15:30.433471,TRADE,5738.75,6
2024-11-01 00:15:31.181385,TRADE,5739.0,6
2024-11-01 00:15:31.181519,TRADE,5739.0,1
2024-11-01 00:15:31.181601,TRADE,5739.0,1
2024-11-01 00:15:31.181671,TRADE,5739.0,1
2024-11-01 00:15:31.181671,TRADE,5739.0,1
2024-11-01 00:15:31.183558,TRADE,5739.0,1
2024-11-01 00:15:31.183719,TRADE,5739.0,1
2024-11-01 00:15:31.184017,TRADE,5739.0,1
2024-11-01 00:15:31.184211,TRADE,5739.0,1
2024-11-01 00:15:31.184511,TRADE,5739.0,1
2024-11-01 00:15:32.766132,TRADE,5739.25,1
2024-11-01 00:15:32.766293,TRADE,5739.25,1
2024-11-01 00:15:32.767740,TRADE,5739.25,4
2024-11-01 00:15:32.861480,TRADE,5739.25,1
2024-11-01 00:15:33.021763,TRADE,5739.25,1
2024-11-01 00:15:33.022472,TRADE,5739.25,5
2024-11-01 00:15:33.022874,TRADE,5739.25,1
2024-11-01 00:15:33.268323,TRADE,5739.0,1
2024-11-01 00:15:33.268576,TRADE,5739.25,4
2024-11-01 00:15:33.407095,TRADE,5739.25,13
2024-11-01 00:15:35.018960,TRADE,5739.5,1
2024-11-01 00:15:36.025366,TRADE,5739.5,2
2024-11-01 00:15:36.025651,TRADE,5739.5,5
2024-11-01 00:15:36.025717,TRADE,5739.5,2
2024-11-01 00:15:36.706841,TRADE,5739.5,4
2024-11-01 00:15:37.406528,TRADE,5739.5,2
2024-11-01 00:15:37.406615,TRADE,5739.5,2
2024-11-01 00:15:37.406707,TRADE,5739.5,1
2024-11-01 00:15:39.173435,TRADE,5739.75,2
2024-11-01 00:15:39.174143,TRADE,5739.75,3
2024-11-01 00:15:39.174218,TRADE,5739.75,2
2024-11-01 00:15:39.174218,TRADE,5739.75,3
2024-11-01 00:15:39.247779,TRADE,5739.75,2
2024-11-01 00:15:39.773081,TRADE,5739.75,3
2024-11-01 00:15:41.351596,TRADE,5739.75,1
2024-11-01 00:15:42.506170,TRADE,5739.75,1
2024-11-01 00:15:44.698862,TRADE,5739.75,1
2024-11-01 00:15:44.759105,TRADE,5739.75,3
2024-11-01 00:15:46.482174,TRADE,5739.75,1
2024-11-01 00:15:46.902890,TRADE,5739.75,1
2024-11-01 00:15:50.489589,TRADE,5739.75,1
2024-11-01 00:15:51.491301,TRADE,5739.75,2
2024-11-01 00:15:54.480791,TRADE,5739.75,1
2024-11-01 00:15:55.602336,TRADE,5739.75,1
2024-11-01 00:15:57.780029,TRADE,5739.75,1
2024-11-01 00:16:00.015669,TRADE,5740.0,2
2024-11-01 00:16:04.695206,TRADE,5740.0,1
2024-11-01 00:16:04.695621,TRADE,5740.0,2
2024-11-01 00:16:04.695850,TRADE,5740.0,1
2024-11-01 00:16:04.695960,TRADE,5740.0,1
2024-11-01 00:16:04.695960,TRADE,5740.0,1
2024-11-01 00:16:04.696590,TRADE,5740.0,6
2024-11-01 00:16:04.696777,TRADE,5740.0,1
2024-11-01 00:16:04.696946,TRADE,5740.0,1
2024-11-01 00:16:04.697080,TRADE,5740.0,1
2024-11-01 00:16:04.697184,TRADE,5740.0,1
2024-11-01 00:16:05.222148,TRADE,5740.25,6
2024-11-01 00:16:05.222161,TRADE,5740.5,1
2024-11-01 00:16:06.300766,TRADE,5740.25,3
2024-11-01 00:16:06.300845,TRADE,5740.25,2
2024-11-01 00:16:06.300845,TRADE,5740.25,2
2024-11-01 00:16:06.300966,TRADE,5740.25,1
2024-11-01 00:16:06.303211,TRADE,5740.25,1
2024-11-01 00:16:06.303960,TRADE,5740.25,5
2024-11-01 00:16:06.304640,TRADE,5740.25,3
2024-11-01 00:16:06.305679,TRADE,5740.25,6
2024-11-01 00:16:10.862666,TRADE,5740.0,3
2024-11-01 00:16:10.863952,TRADE,5740.0,1
2024-11-01 00:16:12.209466,TRADE,5740.0,1
2024-11-01 00:16:14.501265,TRADE,5739.75,2
2024-11-01 00:16:14.502089,TRADE,5739.75,6
2024-11-01 00:16:14.502316,TRADE,5739.75,1
2024-11-01 00:16:17.383761,TRADE,5740.0,1
2024-11-01 00:16:28.362964,TRADE,5739.75,1
2024-11-01 00:16:28.363013,TRADE,5739.75,8
2024-11-01 00:16:28.363232,TRADE,5739.75,1
2024-11-01 00:16:28.366088,TRADE,5739.5,13
2024-11-01 00:16:29.342088,TRADE,5739.5,1
2024-11-01 00:16:29.342261,TRADE,5739.5,1
2024-11-01 00:16:31.092566,TRADE,5739.5,1
2024-11-01 00:16:31.092767,TRADE,5739.5,1
2024-11-01 00:16:31.093027,TRADE,5739.5,6
2024-11-01 00:16:31.093543,TRADE,5739.5,1
2024-11-01 00:16:31.095762,TRADE,5739.5,1
2024-11-01 00:16:31.363107,TRADE,5739.5,1
2024-11-01 00:16:31.363322,TRADE,5739.5,1
2024-11-01 00:16:31.608227,TRADE,5739.25,1
2024-11-01 00:16:32.657269,TRADE,5739.25,1
2024-11-01 00:16:34.102643,TRADE,5739.5,17
2024-11-01 00:16:34.240174,TRADE,5739.5,1
2024-11-01 00:16:34.562316,TRADE,5739.5,1
2024-11-01 00:16:38.766735,TRADE,5739.25,1
2024-11-01 00:16:39.829156,TRADE,5739.25,4
2024-11-01 00:16:39.829367,TRADE,5739.25,1
2024-11-01 00:16:39.829408,TRADE,5739.25,1
2024-11-01 00:16:39.829773,TRADE,5739.25,2
2024-11-01 00:16:43.011394,TRADE,5739.25,3
2024-11-01 00:16:43.843623,TRADE,5739.25,1
2024-11-01 00:16:43.843680,TRADE,5739.25,2
2024-11-01 00:16:44.224878,TRADE,5739.25,1
2024-11-01 00:16:48.618682,TRADE,5739.25,3
2024-11-01 00:16:48.618931,TRADE,5739.25,2
2024-11-01 00:16:48.907602,TRADE,5739.25,1
2024-11-01 00:16:48.907782,TRADE,5739.25,1
2024-11-01 00:16:48.925182,TRADE,5739.0,1
2024-11-01 00:16:48.958886,TRADE,5739.0,1
2024-11-01 00:16:48.958925,TRADE,5739.0,2
2024-11-01 00:16:48.958968,TRADE,5739.0,2
2024-11-01 00:16:48.959116,TRADE,5739.0,1
2024-11-01 00:16:51.536441,TRADE,5739.0,1
2024-11-01 00:16:54.286330,TRADE,5739.25,14
2024-11-01 00:16:57.054804,TRADE,5739.5,1
2024-11-01 00:16:57.394664,TRADE,5739.25,10
2024-11-01 00:16:57.394826,TRADE,5739.25,1
2024-11-01 00:16:58.190172,TRADE,5739.25,1
2024-11-01 00:16:58.206990,TRADE,5739.25,2
2024-11-01 00:16:59.144468,TRADE,5739.25,1
2024-11-01 00:16:59.144495,TRADE,5739.25,1
2024-11-01 00:16:59.144665,TRADE,5739.25,3
2024-11-01 00:17:02.845232,TRADE,5739.0,7
2024-11-01 00:17:02.968954,TRADE,5738.75,1
2024-11-01 00:17:02.969156,TRADE,5738.75,1
2024-11-01 00:17:02.970008,TRADE,5738.75,2
2024-11-01 00:17:02.970204,TRADE,5738.75,1
2024-11-01 00:17:05.465964,TRADE,5738.5,1
2024-11-01 00:17:07.384905,TRADE,5738.5,1
2024-11-01 00:17:08.230166,TRADE,5738.5,1
2024-11-01 00:17:08.769095,TRADE,5738.75,15
2024-11-01 00:17:09.625098,TRADE,5738.75,2
2024-11-01 00:17:11.627750,TRADE,5738.75,1
2024-11-01 00:17:11.986034,TRADE,5738.75,2
2024-11-01 00:17:11.986831,TRADE,5738.75,1
2024-11-01 00:17:12.884515,TRADE,5738.75,3
2024-11-01 00:17:12.884555,TRADE,5738.75,2
2024-11-01 00:17:12.884896,TRADE,5738.75,1
2024-11-01 00:17:12.892626,TRADE,5738.75,1
2024-11-01 00:17:12.892799,TRADE,5738.75,1
2024-11-01 00:17:12.892849,TRADE,5738.75,2
2024-11-01 00:17:13.558991,TRADE,5738.75,2
2024-11-01 00:17:17.736560,TRADE,5738.75,1
2024-11-01 00:17:18.301245,TRADE,5739.0,1
2024-11-01 00:17:18.301437,TRADE,5739.0,3
2024-11-01 00:17:18.301620,TRADE,5739.0,1
2024-11-01 00:17:19.365732,TRADE,5739.0,5
2024-11-01 00:17:19.365776,TRADE,5739.0,3
2024-11-01 00:17:19.365776,TRADE,5739.0,2
2024-11-01 00:17:19.365801,TRADE,5739.0,3
2024-11-01 00:17:19.365915,TRADE,5739.0,3
2024-11-01 00:17:19.365949,TRADE,5739.0,3
2024-11-01 00:17:19.366291,TRADE,5739.0,1
2024-11-01 00:17:19.366494,TRADE,5739.0,1
2024-11-01 00:17:19.366525,TRADE,5739.0,1
2024-11-01 00:17:19.367300,TRADE,5739.0,1
2024-11-01 00:17:19.416853,TRADE,5739.0,1
2024-11-01 00:17:19.479998,TRADE,5739.0,1
2024-11-01 00:17:19.544246,TRADE,5739.0,1
2024-11-01 00:17:19.560867,TRADE,5739.0,1
2024-11-01 00:17:19.878385,TRADE,5739.25,1
2024-11-01 00:17:19.987753,TRADE,5739.0,1
2024-11-01 00:17:21.993726,TRADE,5739.0,1
2024-11-01 00:17:21.993749,TRADE,5739.0,1
2024-11-01 00:17:21.994699,TRADE,5739.0,2
2024-11-01 00:17:22.403821,TRADE,5738.75,2
2024-11-01 00:17:22.404151,TRADE,5739.0,1
2024-11-01 00:17:22.404722,TRADE,5739.0,1
2024-11-01 00:17:26.252379,TRADE,5739.0,1
2024-11-01 00:17:28.667790,TRADE,5738.75,4
2024-11-01 00:17:28.668513,TRADE,5739.0,1
2024-11-01 00:17:31.037906,TRADE,5739.0,2
2024-11-01 00:17:32.940598,TRADE,5739.0,1
2024-11-01 00:17:35.835144,TRADE,5739.0,1
2024-11-01 00:17:35.835672,TRADE,5739.0,1
2024-11-01 00:17:37.355424,TRADE,5738.75,1
2024-11-01 00:17:37.577088,TRADE,5738.75,9
2024-11-01 00:17:39.591680,TRADE,5738.5,4
2024-11-01 00:17:39.592212,TRADE,5738.5,1
2024-11-01 00:17:39.592280,TRADE,5738.5,1
2024-11-01 00:17:39.592499,TRADE,5738.5,1
2024-11-01 00:17:39.592689,TRADE,5738.5,1
2024-11-01 00:17:39.986851,TRADE,5738.5,3
2024-11-01 00:17:42.722582,TRADE,5738.75,1
2024-11-01 00:17:48.747567,TRADE,5738.75,1
2024-11-01 00:17:48.747806,TRADE,5738.75,1
2024-11-01 00:17:48.747843,TRADE,5738.75,1
2024-11-01 00:17:48.748031,TRADE,5738.75,1
2024-11-01 00:17:48.748500,TRADE,5738.75,1
2024-11-01 00:17:48.748989,TRADE,5738.75,1
2024-11-01 00:17:51.803856,TRADE,5738.5,9
2024-11-01 00:17:51.803856,TRADE,5738.25,1
2024-11-01 00:17:51.804262,TRADE,5738.5,1
2024-11-01 00:17:53.980729,TRADE,5738.5,1
2024-11-01 00:17:54.748981,TRADE,5738.75,3
2024-11-01 00:18:00.445281,TRADE,5738.5,2
2024-11-01 00:18:00.445669,TRADE,5738.5,1
2024-11-01 00:18:00.445848,TRADE,5738.5,1
2024-11-01 00:18:00.445888,TRADE,5738.5,1
2024-11-01 00:18:01.075417,TRADE,5738.5,2
2024-11-01 00:18:01.174823,TRADE,5738.5,1
2024-11-01 00:18:01.175005,TRADE,5738.5,2
2024-11-01 00:18:01.209074,TRADE,5738.5,3
2024-11-01 00:18:02.405919,TRADE,5738.75,1
2024-11-01 00:18:02.406183,TRADE,5738.75,6
2024-11-01 00:18:02.406214,TRADE,5738.75,1
2024-11-01 00:18:06.800193,TRADE,5738.75,10
2024-11-01 00:18:06.800980,TRADE,5738.75,1
2024-11-01 00:18:06.801186,TRADE,5738.75,1
2024-11-01 00:18:07.735886,TRADE,5738.75,1
2024-11-01 00:18:12.823105,TRADE,5738.75,3
2024-11-01 00:18:14.349096,TRADE,5738.5,2
2024-11-01 00:18:14.349378,TRADE,5738.5,1
2024-11-01 00:18:14.349646,TRADE,5738.5,1
2024-11-01 00:18:14.350086,TRADE,5738.5,1
2024-11-01 00:18:14.732793,TRADE,5738.5,4
2024-11-01 00:18:19.382897,TRADE,5738.5,4
2024-11-01 00:18:19.996747,TRADE,5738.75,3
2024-11-01 00:18:19.996773,TRADE,5738.75,1
2024-11-01 00:18:20.446117,TRADE,5738.75,1
2024-11-01 00:18:20.448625,TRADE,5738.75,2
2024-11-01 00:18:21.601784,TRADE,5738.75,1
2024-11-01 00:18:21.613307,TRADE,5738.75,1
2024-11-01 00:18:24.046988,TRADE,5738.5,5
2024-11-01 00:18:24.054842,TRADE,5738.75,2
2024-11-01 00:18:26.053694,TRADE,5739.0,1
2024-11-01 00:18:41.061308,TRADE,5739.0,1
2024-11-01 00:18:41.061475,TRADE,5739.0,1
2024-11-01 00:18:41.061534,TRADE,5739.0,1
2024-11-01 00:18:41.061581,TRADE,5739.0,1
2024-11-01 00:18:41.061666,TRADE,5739.0,7
2024-11-01 00:18:41.234866,TRADE,5739.25,3
2024-11-01 00:18:41.234881,TRADE,5739.5,1
2024-11-01 00:18:41.234881,TRADE,5739.5,1
2024-11-01 00:18:42.279508,TRADE,5739.5,1
2024-11-01 00:18:42.280006,TRADE,5739.5,1
2024-11-01 00:18:46.532504,TRADE,5739.25,1
2024-11-01 00:18:48.797615,TRADE,5739.25,6
2024-11-01 00:18:50.540020,TRADE,5739.25,1
2024-11-01 00:18:50.540270,TRADE,5739.25,1
2024-11-01 00:18:50.540329,TRADE,5739.25,1
2024-11-01 00:18:54.408854,TRADE,5739.25,1
2024-11-01 00:18:55.723428,TRADE,5739.5,2
2024-11-01 00:18:56.216314,TRADE,5739.5,12
2024-11-01 00:18:59.221146,TRADE,5739.75,1
2024-11-01 00:18:59.738740,TRADE,5739.75,1
2024-11-01 00:18:59.969131,TRADE,5739.75,1
2024-11-01 00:19:04.933053,TRADE,5739.5,1
2024-11-01 00:19:11.904034,TRADE,5739.5,9
2024-11-01 00:19:12.349312,TRADE,5739.5,1
2024-11-01 00:19:13.695109,TRADE,5739.5,2
2024-11-01 00:19:17.017921,TRADE,5739.5,1
2024-11-01 00:19:17.364755,TRADE,5739.25,1
2024-11-01 00:19:17.364791,TRADE,5739.25,1
2024-11-01 00:19:17.364878,TRADE,5739.25,2
2024-11-01 00:19:17.365216,TRADE,5739.25,1
2024-11-01 00:19:17.365403,TRADE,5739.25,2
2024-11-01 00:19:17.365709,TRADE,5739.25,1
2024-11-01 00:19:18.014266,TRADE,5739.25,5
2024-11-01 00:19:20.504638,TRADE,5739.25,6
2024-11-01 00:19:22.299742,TRADE,5739.5,1
2024-11-01 00:19:24.619415,TRADE,5739.5,1
2024-11-01 00:19:25.259493,TRADE,5739.25,3
2024-11-01 00:19:25.259532,TRADE,5739.25,2
2024-11-01 00:19:25.259647,TRADE,5739.25,2
2024-11-01 00:19:25.259647,TRADE,5739.25,2
2024-11-01 00:19:25.260323,TRADE,5739.25,1
2024-11-01 00:19:25.260364,TRADE,5739.25,2
2024-11-01 00:19:28.423772,TRADE,5739.25,4
2024-11-01 00:19:28.784063,TRADE,5739.5,1
2024-11-01 00:19:31.202822,TRADE,5739.25,3
2024-11-01 00:19:31.203153,TRADE,5739.25,1
2024-11-01 00:19:31.203258,TRADE,5739.25,1
2024-11-01 00:19:31.203305,TRADE,5739.25,1
2024-11-01 00:19:31.203456,TRADE,5739.25,1
2024-11-01 00:19:31.203569,TRADE,5739.25,1
2024-11-01 00:19:32.468483,TRADE,5739.25,1
2024-11-01 00:19:32.468838,TRADE,5739.25,1
2024-11-01 00:19:32.633561,TRADE,5739.0,1
2024-11-01 00:19:36.017448,TRADE,5739.25,1
2024-11-01 00:19:36.017643,TRADE,5739.25,1
2024-11-01 00:19:38.640416,TRADE,5739.25,8
2024-11-01 00:19:40.140226,TRADE,5739.25,1
2024-11-01 00:19:43.782778,TRADE,5739.25,1
2024-11-01 00:19:45.717630,TRADE,5739.25,1
2024-11-01 00:19:45.717698,TRADE,5739.25,3
2024-11-01 00:19:45.717727,TRADE,5739.25,2
2024-11-01 00:19:45.717817,TRADE,5739.25,1
2024-11-01 00:19:45.717855,TRADE,5739.25,6
2024-11-01 00:19:46.055182,TRADE,5739.0,1
2024-11-01 00:19:46.056804,TRADE,5739.0,2
2024-11-01 00:19:46.273601,TRADE,5739.0,1
2024-11-01 00:19:46.465360,TRADE,5739.25,15
2024-11-01 00:19:47.611013,TRADE,5739.5,1
2024-11-01 00:19:51.235233,TRADE,5739.25,1
2024-11-01 00:19:55.856193,TRADE,5739.25,1
2024-11-01 00:19:58.134852,TRADE,5739.5,17
2024-11-01 00:20:00.080364,TRADE,5739.5,6
2024-11-01 00:20:00.102496,TRADE,5739.5,2
2024-11-01 00:20:00.260538,TRADE,5739.5,2
2024-11-01 00:20:02.549039,TRADE,5739.75,7
2024-11-01 00:20:03.057716,TRADE,5740.0,1
2024-11-01 00:20:03.057909,TRADE,5740.0,1
2024-11-01 00:20:03.057948,TRADE,5740.0,1
2024-11-01 00:20:03.084653,TRADE,5740.0,1
2024-11-01 00:20:03.527864,TRADE,5740.0,2
2024-11-01 00:20:03.659219,TRADE,5740.0,4
2024-11-01 00:20:03.659396,TRADE,5740.0,2
2024-11-01 00:20:03.659455,TRADE,5740.0,1
2024-11-01 00:20:03.659616,TRADE,5740.0,1
2024-11-01 00:20:04.728416,TRADE,5740.0,3
2024-11-01 00:20:04.728608,TRADE,5740.0,1
2024-11-01 00:20:04.728643,TRADE,5740.0,1
2024-11-01 00:20:05.644665,TRADE,5740.0,1
2024-11-01 00:20:05.644837,TRADE,5740.0,2
2024-11-01 00:20:05.904355,TRADE,5740.0,1
2024-11-01 00:20:05.904525,TRADE,5740.0,2
2024-11-01 00:20:05.904679,TRADE,5740.0,1
2024-11-01 00:20:06.248402,TRADE,5740.0,1
2024-11-01 00:20:06.721626,TRADE,5740.0,1
2024-11-01 00:20:09.978945,TRADE,5740.0,6
2024-11-01 00:20:12.639764,TRADE,5740.0,1
2024-11-01 00:20:12.641528,TRADE,5740.0,1
2024-11-01 00:20:12.641577,TRADE,5740.0,3
2024-11-01 00:20:12.641642,TRADE,5740.0,2
2024-11-01 00:20:12.641642,TRADE,5740.0,2
2024-11-01 00:20:12.641720,TRADE,5740.0,2
2024-11-01 00:20:12.641860,TRADE,5740.0,8
2024-11-01 00:20:12.641913,TRADE,5740.0,1
2024-11-01 00:20:12.641913,TRADE,5740.0,1
2024-11-01 00:20:12.641965,TRADE,5740.0,1
2024-11-01 00:20:15.443912,TRADE,5740.25,3
2024-11-01 00:20:16.536390,TRADE,5740.0,1
2024-11-01 00:20:17.008748,TRADE,5740.25,1
2024-11-01 00:20:17.008803,TRADE,5740.25,4
2024-11-01 00:20:17.008853,TRADE,5740.25,2
2024-11-01 00:20:17.008954,TRADE,5740.25,4
2024-11-01 00:20:17.008954,TRADE,5740.25,3
2024-11-01 00:20:17.009041,TRADE,5740.25,1
2024-11-01 00:20:17.009041,TRADE,5740.25,5
2024-11-01 00:20:18.222895,TRADE,5740.25,1
2024-11-01 00:20:18.223264,TRADE,5740.25,3
2024-11-01 00:20:19.325344,TRADE,5740.0,1
2024-11-01 00:20:19.327110,TRADE,5740.0,1
2024-11-01 00:20:20.003616,TRADE,5740.0,1
2024-11-01 00:20:20.003670,TRADE,5740.0,1
2024-11-01 00:20:20.003706,TRADE,5740.0,1
2024-11-01 00:20:20.003830,TRADE,5740.0,4
2024-11-01 00:20:20.004019,TRADE,5740.0,1
2024-11-01 00:20:26.256380,TRADE,5740.0,1
2024-11-01 00:20:30.193439,TRADE,5740.0,1
2024-11-01 00:20:31.606056,TRADE,5740.25,18
2024-11-01 00:20:31.606296,TRADE,5740.25,1
2024-11-01 00:20:32.445264,TRADE,5740.25,1
2024-11-01 00:20:32.645534,TRADE,5740.25,1
2024-11-01 00:20:37.948124,TRADE,5740.25,1
2024-11-01 00:20:41.929064,TRADE,5740.25,1
2024-11-01 00:20:42.808391,TRADE,5740.5,1
2024-11-01 00:20:42.808404,TRADE,5740.5,1
2024-11-01 00:20:45.345612,TRADE,5740.5,18
2024-11-01 00:20:45.355159,TRADE,5740.5,1
2024-11-01 00:20:45.355324,TRADE,5740.5,2
2024-11-01 00:20:45.370932,TRADE,5740.5,4
2024-11-01 00:20:45.371201,TRADE,5740.5,9
2024-11-01 00:20:46.070575,TRADE,5740.5,1
2024-11-01 00:20:49.729083,TRADE,5740.5,1
2024-11-01 00:20:49.729130,TRADE,5740.5,2
2024-11-01 00:20:49.729307,TRADE,5740.5,1
2024-11-01 00:20:49.729675,TRADE,5740.5,1
2024-11-01 00:20:51.356574,TRADE,5740.25,1
2024-11-01 00:20:51.464030,TRADE,5740.5,8
2024-11-01 00:20:52.565809,TRADE,5740.5,11
2024-11-01 00:20:52.653296,TRADE,5740.75,1
2024-11-01 00:20:52.653350,TRADE,5740.75,3
2024-11-01 00:20:52.653377,TRADE,5740.75,1
2024-11-01 00:20:52.653418,TRADE,5740.75,2
2024-11-01 00:20:52.653512,TRADE,5740.75,3
2024-11-01 00:20:52.653646,TRADE,5740.75,1
2024-11-01 00:20:55.080599,TRADE,5741.0,1
2024-11-01 00:20:55.080806,TRADE,5741.0,1
2024-11-01 00:20:55.080957,TRADE,5741.0,5
2024-11-01 00:20:56.502551,TRADE,5741.25,1
2024-11-01 00:20:56.502562,TRADE,5741.25,1
2024-11-01 00:20:57.282156,TRADE,5741.25,2
2024-11-01 00:21:01.587034,TRADE,5741.25,2
2024-11-01 00:21:01.660843,TRADE,5741.25,2
2024-11-01 00:21:01.661330,TRADE,5741.25,1
2024-11-01 00:21:02.652202,TRADE,5741.0,1
2024-11-01 00:21:10.414403,TRADE,5741.25,1
2024-11-01 00:21:10.871068,TRADE,5741.0,1
2024-11-01 00:21:14.169372,TRADE,5741.25,1
2024-11-01 00:21:14.169451,TRADE,5741.25,3
2024-11-01 00:21:14.169654,TRADE,5741.25,12
2024-11-01 00:21:14.169863,TRADE,5741.25,1
2024-11-01 00:21:15.000658,TRADE,5741.25,2
2024-11-01 00:21:15.000835,TRADE,5741.25,1
2024-11-01 00:21:15.000910,TRADE,5741.25,3
2024-11-01 00:21:15.001002,TRADE,5741.25,1
2024-11-01 00:21:15.001152,TRADE,5741.25,1
2024-11-01 00:21:15.006270,TRADE,5741.25,1
2024-11-01 00:21:15.006467,TRADE,5741.25,1
2024-11-01 00:21:16.085989,TRADE,5741.25,1
2024-11-01 00:21:20.510456,TRADE,5741.5,1
2024-11-01 00:21:20.510470,TRADE,5741.5,1
2024-11-01 00:21:20.510470,TRADE,5741.5,1
2024-11-01 00:21:24.449715,TRADE,5741.5,1
2024-11-01 00:21:24.644962,TRADE,5741.5,4
2024-11-01 00:21:25.457039,TRADE,5741.25,10
2024-11-01 00:21:26.811488,TRADE,5741.25,1
2024-11-01 00:21:26.811734,TRADE,5741.25,3
2024-11-01 00:21:28.961820,TRADE,5741.25,1
2024-11-01 00:21:29.870572,TRADE,5741.25,2
2024-11-01 00:21:31.684691,TRADE,5741.25,1
2024-11-01 00:21:33.925138,TRADE,5741.25,6
2024-11-01 00:21:34.324673,TRADE,5741.25,1
2024-11-01 00:21:34.330213,TRADE,5741.25,2
2024-11-01 00:21:36.959244,TRADE,5741.25,5
2024-11-01 00:21:36.959522,TRADE,5741.25,1
2024-11-01 00:21:38.860241,TRADE,5741.0,1
2024-11-01 00:21:40.491217,TRADE,5741.0,1
2024-11-01 00:21:40.491255,TRADE,5741.0,1
2024-11-01 00:21:40.491401,TRADE,5741.0,1
2024-11-01 00:21:40.491490,TRADE,5741.0,5
2024-11-01 00:21:40.491537,TRADE,5741.0,1
2024-11-01 00:21:40.491633,TRADE,5741.0,1
2024-11-01 00:21:41.473013,TRADE,5741.0,3
2024-11-01 00:21:41.473436,TRADE,5741.0,1
2024-11-01 00:21:43.632551,TRADE,5741.0,7
2024-11-01 00:21:47.398594,TRADE,5741.0,13
2024-11-01 00:21:47.574728,TRADE,5741.25,1
2024-11-01 00:21:49.668962,TRADE,5741.0,8
2024-11-01 00:21:49.669423,TRADE,5741.0,2
2024-11-01 00:21:49.766027,TRADE,5741.0,3
2024-11-01 00:21:51.806202,TRADE,5741.0,1
2024-11-01 00:21:51.911540,TRADE,5741.0,1
2024-11-01 00:21:52.261354,TRADE,5741.0,2
2024-11-01 00:21:52.664169,TRADE,5741.0,1
2024-11-01 00:21:52.777553,TRADE,5741.0,3
2024-11-01 00:21:52.777978,TRADE,5741.0,1
2024-11-01 00:21:52.778208,TRADE,5741.0,2
2024-11-01 00:21:53.717397,TRADE,5741.25,1
2024-11-01 00:21:55.704455,TRADE,5741.0,1
2024-11-01 00:21:58.153613,TRADE,5741.0,1
2024-11-01 00:21:58.763715,TRADE,5741.0,1
2024-11-01 00:22:00.202517,TRADE,5740.75,6
2024-11-01 00:22:00.970361,TRADE,5740.5,6
2024-11-01 00:22:00.970397,TRADE,5740.5,4
2024-11-01 00:22:00.970640,TRADE,5740.5,2
2024-11-01 00:22:00.970877,TRADE,5740.5,2
2024-11-01 00:22:00.970974,TRADE,5740.5,1
2024-11-01 00:22:00.970974,TRADE,5740.5,1
2024-11-01 00:22:01.186264,TRADE,5740.5,9
2024-11-01 00:22:01.186264,TRADE,5740.25,6
2024-11-01 00:22:01.186796,TRADE,5740.5,2
2024-11-01 00:22:01.187001,TRADE,5740.5,1
2024-11-01 00:22:01.187055,TRADE,5740.5,2
2024-11-01 00:22:01.451335,TRADE,5740.75,2
2024-11-01 00:22:01.451557,TRADE,5740.75,7
2024-11-01 00:22:01.451609,TRADE,5740.75,15
2024-11-01 00:22:02.127602,TRADE,5741.0,1
2024-11-01 00:22:02.201094,TRADE,5741.0,2
2024-11-01 00:22:02.201185,TRADE,5741.0,1
2024-11-01 00:22:02.201245,TRADE,5741.0,2
2024-11-01 00:22:03.340837,TRADE,5741.25,2
2024-11-01 00:22:03.340866,TRADE,5741.25,1
2024-11-01 00:22:03.341070,TRADE,5741.25,2
2024-11-01 00:22:03.341120,TRADE,5741.25,2
2024-11-01 00:22:03.398647,TRADE,5741.25,1
2024-11-01 00:22:03.674092,TRADE,5741.25,1
2024-11-01 00:22:03.686022,TRADE,5741.25,4
2024-11-01 00:22:10.943546,TRADE,5741.25,6
2024-11-01 00:22:13.214757,TRADE,5741.25,1
2024-11-01 00:22:13.214927,TRADE,5741.25,1
2024-11-01 00:22:13.990113,TRADE,5741.25,1
2024-11-01 00:22:23.613094,TRADE,5741.5,2
2024-11-01 00:22:30.101814,TRADE,5741.25,1
2024-11-01 00:22:30.110150,TRADE,5741.25,2
2024-11-01 00:22:30.110359,TRADE,5741.25,3
2024-11-01 00:22:31.641882,TRADE,5741.25,1
2024-11-01 00:22:31.642002,TRADE,5741.25,1
2024-11-01 00:22:31.974636,TRADE,5741.5,1
2024-11-01 00:22:36.214581,TRADE,5741.5,10
2024-11-01 00:22:39.470450,TRADE,5741.5,1
2024-11-01 00:22:40.948836,TRADE,5741.5,6
2024-11-01 00:22:46.868743,TRADE,5741.25,1
2024-11-01 00:22:46.869025,TRADE,5741.25,4
2024-11-01 00:22:51.191967,TRADE,5741.25,2
2024-11-01 00:22:51.192207,TRADE,5741.25,3
2024-11-01 00:22:55.608883,TRADE,5741.5,4
2024-11-01 00:23:00.377338,TRADE,5741.5,6
2024-11-01 00:23:01.062644,TRADE,5741.5,5
2024-11-01 00:23:01.063932,TRADE,5741.5,1
2024-11-01 00:23:01.064931,TRADE,5741.5,1
2024-11-01 00:23:01.274061,TRADE,5741.75,2
2024-11-01 00:23:01.617195,TRADE,5741.75,1
2024-11-01 00:23:08.251426,TRADE,5741.75,1
2024-11-01 00:23:08.251597,TRADE,5741.75,1
2024-11-01 00:23:08.251939,TRADE,5741.75,9
2024-11-01 00:23:08.252527,TRADE,5741.75,4
2024-11-01 00:23:08.252794,TRADE,5741.75,2
2024-11-01 00:23:08.969486,TRADE,5741.75,5
2024-11-01 00:23:09.702534,TRADE,5741.75,2
2024-11-01 00:23:13.242184,TRADE,5742.0,5
2024-11-01 00:23:14.419920,TRADE,5742.0,9
2024-11-01 00:23:16.021201,TRADE,5742.0,7
2024-11-01 00:23:16.021724,TRADE,5742.0,1
2024-11-01 00:23:16.021922,TRADE,5742.0,1
2024-11-01 00:23:16.248620,TRADE,5742.0,3
2024-11-01 00:23:16.519838,TRADE,5742.25,1
2024-11-01 00:23:16.519853,TRADE,5742.25,1
2024-11-01 00:23:16.519853,TRADE,5742.25,1
2024-11-01 00:23:18.319344,TRADE,5742.0,3
2024-11-01 00:23:18.320239,TRADE,5742.0,5
2024-11-01 00:23:18.320596,TRADE,5742.0,1
2024-11-01 00:23:18.775875,TRADE,5742.0,5
2024-11-01 00:23:18.776563,TRADE,5742.0,4
2024-11-01 00:23:19.662213,TRADE,5741.75,1
2024-11-01 00:23:20.169849,TRADE,5741.75,2
2024-11-01 00:23:20.170089,TRADE,5741.75,3
2024-11-01 00:23:20.170458,TRADE,5741.5,1
2024-11-01 00:23:21.431596,TRADE,5741.75,10
2024-11-01 00:23:21.432076,TRADE,5741.75,1
2024-11-01 00:23:22.888456,TRADE,5741.75,8
2024-11-01 00:23:22.888820,TRADE,5741.75,1
2024-11-01 00:23:26.925594,TRADE,5742.0,5
2024-11-01 00:23:29.488161,TRADE,5741.75,2
2024-11-01 00:23:29.488330,TRADE,5741.75,7
2024-11-01 00:23:29.488369,TRADE,5741.75,3
2024-11-01 00:23:29.488404,TRADE,5741.75,2
2024-11-01 00:23:29.539084,TRADE,5741.75,1
2024-11-01 00:23:29.539169,TRADE,5741.75,1
2024-11-01 00:23:30.488679,TRADE,5741.75,1
2024-11-01 00:23:30.488896,TRADE,5741.75,1
2024-11-01 00:23:30.489458,TRADE,5741.75,1
2024-11-01 00:23:30.489640,TRADE,5741.75,1
2024-11-01 00:23:30.492779,TRADE,5741.75,2
2024-11-01 00:23:30.492984,TRADE,5741.75,1
2024-11-01 00:23:30.856457,TRADE,5741.75,6
2024-11-01 00:23:30.856457,TRADE,5741.5,4
2024-11-01 00:23:30.856470,TRADE,5741.5,1
2024-11-01 00:23:34.561091,TRADE,5741.75,6
2024-11-01 00:23:35.084656,TRADE,5741.75,2
2024-11-01 00:23:35.084827,TRADE,5741.75,1
2024-11-01 00:23:35.084861,TRADE,5741.75,1
2024-11-01 00:23:35.085109,TRADE,5741.75,1
2024-11-01 00:23:35.085459,TRADE,5741.75,2
2024-11-01 00:23:35.510348,TRADE,5741.75,1
2024-11-01 00:23:38.438045,TRADE,5742.0,1
2024-11-01 00:23:39.219157,TRADE,5742.0,2
2024-11-01 00:23:39.219320,TRADE,5742.0,1
2024-11-01 00:23:44.411992,TRADE,5742.0,1
2024-11-01 00:23:47.571981,TRADE,5742.0,1
2024-11-01 00:23:49.778815,TRADE,5742.0,1
2024-11-01 00:23:49.778914,TRADE,5742.0,2
2024-11-01 00:23:49.779021,TRADE,5742.0,1
2024-11-01 00:24:00.620298,TRADE,5742.25,5
2024-11-01 00:24:02.367125,TRADE,5742.25,10
2024-11-01 00:24:02.705981,TRADE,5742.0,3
2024-11-01 00:24:05.556773,TRADE,5742.0,4
2024-11-01 00:24:05.556816,TRADE,5742.0,3
2024-11-01 00:24:05.556926,TRADE,5742.0,1
2024-11-01 00:24:05.557229,TRADE,5742.0,1
2024-11-01 00:24:05.557331,TRADE,5742.0,1
2024-11-01 00:24:09.319055,TRADE,5742.0,1
2024-11-01 00:24:09.319141,TRADE,5742.0,3
2024-11-01 00:24:09.319141,TRADE,5742.0,1
2024-11-01 00:24:09.436286,TRADE,5741.75,4
2024-11-01 00:24:12.445555,TRADE,5742.0,1
2024-11-01 00:24:21.552455,TRADE,5742.0,1
2024-11-01 00:24:21.953298,TRADE,5742.0,14
2024-11-01 00:24:26.236997,TRADE,5742.0,2
2024-11-01 00:24:26.237216,TRADE,5742.0,2
2024-11-01 00:24:30.322569,TRADE,5741.75,1
2024-11-01 00:24:30.322673,TRADE,5742.0,2
2024-11-01 00:24:30.322919,TRADE,5742.0,4
2024-11-01 00:24:30.323011,TRADE,5742.0,1
2024-11-01 00:24:30.323456,TRADE,5742.0,3
2024-11-01 00:24:31.508829,TRADE,5742.0,2
2024-11-01 00:24:31.509066,TRADE,5742.0,2
2024-11-01 00:24:36.096503,TRADE,5742.0,1
2024-11-01 00:24:39.374960,TRADE,5742.25,2
2024-11-01 00:24:50.109052,TRADE,5742.25,1
2024-11-01 00:24:50.109143,TRADE,5742.25,6
2024-11-01 00:24:50.109179,TRADE,5742.0,1
2024-11-01 00:24:50.109282,TRADE,5742.25,1
2024-11-01 00:24:50.109326,TRADE,5742.25,1
2024-11-01 00:24:50.109510,TRADE,5742.25,1
2024-11-01 00:24:50.109601,TRADE,5742.25,1
2024-11-01 00:24:50.109715,TRADE,5742.25,1
2024-11-01 00:24:50.476308,TRADE,5742.25,9
2024-11-01 00:24:51.373568,TRADE,5742.5,3
2024-11-01 00:24:51.373615,TRADE,5742.5,3
2024-11-01 00:24:51.373615,TRADE,5742.5,2
2024-11-01 00:24:51.373779,TRADE,5742.5,1
2024-11-01 00:24:51.373808,TRADE,5742.5,1
2024-11-01 00:24:51.373894,TRADE,5742.5,6
2024-11-01 00:24:54.373188,TRADE,5742.5,4
2024-11-01 00:24:59.913898,TRADE,5742.5,2
2024-11-01 00:24:59.914617,TRADE,5742.5,1
2024-11-01 00:25:01.229369,TRADE,5742.5,2
2024-11-01 00:25:04.394845,TRADE,5742.25,3
2024-11-01 00:25:04.395094,TRADE,5742.25,5
2024-11-01 00:25:04.478777,TRADE,5742.25,1
2024-11-01 00:25:05.334531,TRADE,5742.25,5
2024-11-01 00:25:05.335758,TRADE,5742.25,1
2024-11-01 00:25:08.133137,TRADE,5742.25,1
2024-11-01 00:25:09.740093,TRADE,5742.25,1
2024-11-01 00:25:09.740093,TRADE,5742.5,4
2024-11-01 00:25:14.282640,TRADE,5742.25,2
2024-11-01 00:25:19.792964,TRADE,5742.25,1
2024-11-01 00:25:21.266696,TRADE,5742.5,1
2024-11-01 00:25:22.543076,TRADE,5742.5,12
2024-11-01 00:25:23.169904,TRADE,5742.5,5
2024-11-01 00:25:23.169974,TRADE,5742.5,3
2024-11-01 00:25:23.169974,TRADE,5742.5,2
2024-11-01 00:25:23.170081,TRADE,5742.5,1
2024-11-01 00:25:23.170081,TRADE,5742.5,1
2024-11-01 00:25:23.170081,TRADE,5742.5,4
2024-11-01 00:25:23.170116,TRADE,5742.5,2
2024-11-01 00:25:23.170185,TRADE,5742.5,8
2024-11-01 00:25:29.981928,TRADE,5742.75,1
2024-11-01 00:25:29.981940,TRADE,5742.75,1
2024-11-01 00:25:32.174624,TRADE,5742.5,6
2024-11-01 00:25:32.463042,TRADE,5742.75,1
2024-11-01 00:25:33.692829,TRADE,5742.5,1
2024-11-01 00:25:33.693038,TRADE,5742.5,1
2024-11-01 00:25:33.693097,TRADE,5742.5,1
2024-11-01 00:25:35.144436,TRADE,5742.5,2
2024-11-01 00:25:35.144436,TRADE,5742.75,20
2024-11-01 00:25:35.144956,TRADE,5742.75,3
2024-11-01 00:25:35.146102,TRADE,5742.75,1
2024-11-01 00:25:35.153388,TRADE,5742.75,1
2024-11-01 00:25:35.153788,TRADE,5742.75,1
2024-11-01 00:25:37.002936,TRADE,5742.75,6
2024-11-01 00:25:39.987033,TRADE,5742.75,1
2024-11-01 00:25:39.987110,TRADE,5742.75,8
2024-11-01 00:25:40.588296,TRADE,5742.75,1
2024-11-01 00:25:40.588332,TRADE,5742.75,1
2024-11-01 00:25:40.718375,TRADE,5742.75,1
2024-11-01 00:25:50.955729,TRADE,5742.75,1
2024-11-01 00:25:53.401509,TRADE,5742.75,6
2024-11-01 00:25:54.252770,TRADE,5742.75,2
2024-11-01 00:26:00.879007,TRADE,5743.0,2
2024-11-01 00:26:00.879025,TRADE,5743.0,1
2024-11-01 00:26:06.218048,TRADE,5742.75,4
2024-11-01 00:26:06.290528,TRADE,5742.75,1
2024-11-01 00:26:06.290700,TRADE,5742.75,1
2024-11-01 00:26:06.290760,TRADE,5742.75,2
2024-11-01 00:26:20.834512,TRADE,5743.0,14
2024-11-01 00:26:20.834512,TRADE,5743.25,3
2024-11-01 00:26:20.834531,TRADE,5743.25,1
2024-11-01 00:26:21.353290,TRADE,5743.25,2
2024-11-01 00:26:22.549824,TRADE,5743.0,2
2024-11-01 00:26:23.047408,TRADE,5743.0,4
2024-11-01 00:26:23.047833,TRADE,5743.0,1
2024-11-01 00:26:23.048061,TRADE,5743.0,4
2024-11-01 00:26:25.134905,TRADE,5743.25,10
2024-11-01 00:26:25.524766,TRADE,5743.0,3
2024-11-01 00:26:25.525134,TRADE,5743.0,1
2024-11-01 00:26:26.047483,TRADE,5743.0,2
2024-11-01 00:26:26.047692,TRADE,5743.0,4
2024-11-01 00:26:26.047739,TRADE,5743.0,3
2024-11-01 00:26:26.047830,TRADE,5743.0,2
2024-11-01 00:26:26.107316,TRADE,5743.0,3
2024-11-01 00:26:26.107511,TRADE,5743.0,2
2024-11-01 00:26:27.117691,TRADE,5743.25,2
2024-11-01 00:26:27.117937,TRADE,5743.25,1
2024-11-01 00:26:27.297308,TRADE,5743.25,2
2024-11-01 00:26:27.297531,TRADE,5743.25,1
2024-11-01 00:26:29.349064,TRADE,5743.25,4
2024-11-01 00:26:29.349098,TRADE,5743.25,1
2024-11-01 00:26:29.349560,TRADE,5743.25,4
2024-11-01 00:26:29.349786,TRADE,5743.25,2
2024-11-01 00:26:30.263779,TRADE,5743.25,1
2024-11-01 00:26:30.263967,TRADE,5743.25,1
2024-11-01 00:26:31.047670,TRADE,5743.25,1
2024-11-01 00:26:31.047851,TRADE,5743.25,1
2024-11-01 00:26:39.152588,TRADE,5743.25,1
2024-11-01 00:26:46.084035,TRADE,5743.25,1
2024-11-01 00:26:50.149038,TRADE,5743.0,1
2024-11-01 00:26:50.149865,TRADE,5743.0,1
2024-11-01 00:26:50.150077,TRADE,5743.0,9
2024-11-01 00:26:54.273427,TRADE,5742.75,2
2024-11-01 00:26:56.131924,TRADE,5742.75,1
2024-11-01 00:27:01.207182,TRADE,5743.0,1
2024-11-01 00:27:07.684292,TRADE,5743.0,2
2024-11-01 00:27:14.167528,TRADE,5743.25,5
2024-11-01 00:27:15.656276,TRADE,5743.25,2
2024-11-01 00:27:15.656325,TRADE,5743.25,1
2024-11-01 00:27:15.656444,TRADE,5743.25,1
2024-11-01 00:27:15.656514,TRADE,5743.25,3
2024-11-01 00:27:15.702732,TRADE,5743.25,1
2024-11-01 00:27:16.031660,TRADE,5743.25,1
2024-11-01 00:27:24.104645,TRADE,5743.25,2
2024-11-01 00:27:27.455614,TRADE,5743.5,1
2024-11-01 00:27:29.892177,TRADE,5743.5,4
2024-11-01 00:27:29.892338,TRADE,5743.5,13
2024-11-01 00:27:29.895636,TRADE,5743.75,2
2024-11-01 00:27:29.895649,TRADE,5743.75,1
2024-11-01 00:27:29.953802,TRADE,5743.5,6
2024-11-01 00:27:29.953955,TRADE,5743.5,1
2024-11-01 00:27:30.104259,TRADE,5743.5,1
2024-11-01 00:27:30.104454,TRADE,5743.5,1
2024-11-01 00:27:30.104798,TRADE,5743.5,1
2024-11-01 00:27:30.105201,TRADE,5743.5,2
2024-11-01 00:27:35.570541,TRADE,5743.25,3
2024-11-01 00:27:35.570641,TRADE,5743.25,3
2024-11-01 00:27:36.635687,TRADE,5743.25,2
2024-11-01 00:27:47.247994,TRADE,5743.5,2
2024-11-01 00:27:47.842946,TRADE,5743.5,5
2024-11-01 00:27:50.556357,TRADE,5743.75,1
2024-11-01 00:27:50.556397,TRADE,5743.75,3
2024-11-01 00:27:50.556487,TRADE,5743.75,2
2024-11-01 00:27:56.213284,TRADE,5744.0,9
2024-11-01 00:27:56.213305,TRADE,5744.25,5
2024-11-01 00:27:56.213305,TRADE,5744.25,5
2024-11-01 00:27:56.213305,TRADE,5744.25,1
2024-11-01 00:27:56.213305,TRADE,5744.25,1
2024-11-01 00:27:57.496100,TRADE,5744.25,4
2024-11-01 00:28:00.540335,TRADE,5744.25,1
2024-11-01 00:28:00.540601,TRADE,5744.25,14
2024-11-01 00:28:00.735442,TRADE,5744.5,1
2024-11-01 00:28:00.735455,TRADE,5744.5,5
2024-11-01 00:28:05.215867,TRADE,5744.25,1
2024-11-01 00:28:05.216098,TRADE,5744.25,1
2024-11-01 00:28:05.216184,TRADE,5744.25,2
2024-11-01 00:28:05.216184,TRADE,5744.25,1
2024-11-01 00:28:05.216313,TRADE,5744.25,1
2024-11-01 00:28:05.216380,TRADE,5744.25,1
2024-11-01 00:28:05.216522,TRADE,5744.25,2
2024-11-01 00:28:05.216645,TRADE,5744.25,1
2024-11-01 00:28:06.858687,TRADE,5744.25,1
2024-11-01 00:28:07.516236,TRADE,5744.25,1
2024-11-01 00:28:10.185269,TRADE,5744.25,1
2024-11-01 00:28:10.185362,TRADE,5744.25,4
2024-11-01 00:28:10.185402,TRADE,5744.25,1
2024-11-01 00:28:10.185704,TRADE,5744.25,1
2024-11-01 00:28:10.185950,TRADE,5744.25,4
2024-11-01 00:28:10.186071,TRADE,5744.25,1
2024-11-01 00:28:10.186112,TRADE,5744.25,1
2024-11-01 00:28:10.370492,TRADE,5744.25,2
2024-11-01 00:28:16.472628,TRADE,5744.0,1
2024-11-01 00:28:16.554173,TRADE,5744.0,2
2024-11-01 00:28:19.704864,TRADE,5744.0,1
2024-11-01 00:28:19.761620,TRADE,5744.0,1
2024-11-01 00:28:19.761691,TRADE,5744.0,1
2024-11-01 00:28:19.761691,TRADE,5744.0,3
2024-11-01 00:28:19.761803,TRADE,5744.0,1
2024-11-01 00:28:21.028517,TRADE,5744.0,1
